1073 1800
328 121 381 53 ROMVLVS.

167 183 706 66 Hoc numerus ſceleratorum plus creſcere uiſus:

169 250 620 65 Vt pecus adulta muſcas æſtate proteruas

172 312 678 67 Dum ſatagit tergo longis defendere caudis,

170 377 709 72 Quo plures fugat, hoc plures ſuccedere ſentit.

165 450 633 64 Me lugete meæ miſerum lugete Camœnæ.

112 513 784 68 Nunc quia nec prece, nec precio, nec fraudibus ullis,

164 577 635 64 Nec ui debellare truces conceditur hoſtes,

162 646 676 62 Plus ſatis irati magnum Iouis argumentum

155 711 691 67 Colligo, me ſemel at mea extirpare uolentis:

156 776 677 63 Vt quernum robur ualido ſubuertitur Auſtro

162 839 587 67 Funditus, auulſis terra radicibus ima.

151 906 629 64 Me lugete meæ miſerum lugete Camœnæ.

105 967 764 75 Sed quia non reſtant quas nunc fugiamus ad artes,

157 1033 636 67 Præſtabit tandem uitam finire moleſtam.

156 1098 715 75 Sed quo fine, gulam laqueo conſtringo ſaligno?

155 1165 710 68 Aut ſpiramen in his uitale relinquimus undis?

151 1235 730 68 Aut tepido curuam conſpergo ſanguine falcem?

153 1296 779 72 Aut quæ alia eſt ratio properandæ mortis habēda:

154 1365 641 64 Me lugete meæ miſerum lugete Camœnæ.

100 1430 704 69 Dixerat hæc paſtor gemebundo Romulus ore,

153 1494 596 85 Obtutu́ loco́ oculos defixus eodem,

598 1561 24 47 v

795 1556 138 70 Verſans,
