1063 1796
254 119 376 57 ROMVLVS.

30 177 763 73 Carmina cum uerbis, numeris, calamis́, meorum

87 244 623 66 Maiorum uetus inuentum, ludibria fiunt

82 310 647 70 Illius inſtinctu, & noua decantantur ubi́.

83 379 646 65 Me lugete meæ miſerum lugete Camœnæ.

28 442 670 67 Proh dolor, ut rerum facies diuerſa priori:

83 510 662 58 Nam quod curandi pecoris, ruríſue colendi

88 575 679 69 Tale opus eſt, quale ante fuit, fieri́ ſolebat?

82 640 695 70 Nunc alia inſeritur truncus ratione pyrorum,

78 704 612 66 Eſt alius pariter ponendis uitibus ordo,

83 768 697 65 Non uelut ante boues duro iunguntur aratro.

85 836 647 67 Mos alius pingui mandandi ſemina terræ,

84 900 661 69 Grex ouium ueteri non carpit pabula ritu,

83 964 642 69 Aut agitur potum, puro uel fonte lauatur.

83 1031 674 68 Sed creſcent bis ante nouæ ſua cornua Lunæ,

83 1100 667 66 Singula quàm potero iuſto ſermone referre,

83 1173 720 59 Quæ uideas iam Teutonicos mutata per agros.

83 1229 644 67 Me lugete meæ miſerum lugete Camœnæ.

29 1301 640 56 Ex hoc coguntur ueteres migrare coloni,

82 1361 676 69 Linquentes́ ſuas peregrinas quærere ſedes,

81 1432 590 59 Aut ritus agriculturæ mutare priores:

81 1495 658 71 Hinc uacua, aut imo magalia diruta fundo,

656 1554 33 63 iij

793 1553 72 50 Aut
