1072 1791
264 197 694 65 Aſtor in umbroſo recubabat Romulus antro,

240 63 718 73 EVCHARII SYNESII

399 132 405 53 ROMVLVS.

183 182 88 137 P

257 266 706 60 Propter ſtagnantes Tyberini fluminis undas,

235 327 716 68 Multa gemens magno confectus pectora luctu.

235 394 646 63 Cauſa fuit paſtoralis contemptus honoris,

229 455 704 69 At ingens damnum factum in re iuris auiti,

234 524 756 65 Damnum quod non ulla lucri uis ſarciet unquam.

234 586 787 72 Hæc peragens animo, tandẽ has dedit ore querelas.

237 654 652 65 Ergonè magna meæ ceßabit gloria famæ?

235 718 732 67 Heu mihi nullus ero, qui iam compluribus annis

237 781 777 71 Maximus, & ſummus ſimul & ſanctißimus idem

236 848 732 70 Paſtorum fui & exemplum, lex, forma, modus́

233 915 670 68 Paſcendi pecoris? mundi mihi paruit omne

227 981 620 67 Paſtorum genus, upiliones at bubulci,

228 1047 664 66 Cuſtode́ capellarum, qui me ſimul omnes

230 1110 731 69 Non equidem ſecus ac numen coluere uerendum.

238 1176 713 72 Nunc ego contemnar, nemo mea iuſſa capeſſat?

235 1239 622 70 Quæ deſpecta iacent uili neglectius alga.

231 1308 652 65 Me lugete meæ miſerum lugete Camœnæ.

182 1371 724 68 Non thymus hoc apibus, non urſis dulcia mella,

229 1438 696 74 Non limus ſuibus, non capris frondis amaror,

921 1491 84 61 Quod
