1071 1793
356 113 356 58 THYRSIS.

116 178 709 66 Cum uenies, cum Pruſca uagans, Illus́ lutoſus

120 243 673 66 Fraternis te Thyrſi ſuis complexibus ambo

120 306 613 68 Firmis includent ſeptis, ſi ſepta uideres

121 375 617 67 O Thyrſi egregij dicas opus eſſe coloni.

119 440 666 68 Et uere egregij, Pandemus enim facit, adſis

120 503 623 70 Cum feſtos́ dies, & cum ſolennia ſacra

120 572 678 65 Daphnidis abſolues, indutus tempora circum

119 641 658 62 Poſtremas operum lauros, non ultima uitæ

120 705 677 67 Præmia, ſed maiorum inuitamenta laborum.

123 773 795 64 Qui regis æternum omnipotens per ſecula mundum,

121 834 749 69 O qui cuncta uides, & qui noua gramina campis

120 904 647 63 Educis Deus, o Deus: o qui cuncta fouebas

118 967 710 67 Diſtinguens uarijs magnum uirtutibus orbem,

120 1032 778 69 Quid faciat Thyrſis: iam quæ Thyrſis meditetur,

118 1100 731 68 Et quæ poſt Thyrſi reſtent, tua munera Daphni

116 1161 603 71 Reſpicias, uitæ́ extendas ſuaue Poëtæ

120 1232 673 61 Curriculum: Panos tandem miſerere fidelis,

118 1296 671 72 Egregius Pan paſtor ouis, fidus́ magiſter.

117 1361 710 67 Ecce etenim infamis uitiat tua rura Menalcas,

117 1429 699 68 Lac nullum pecori, nullus́ relinquitur agnis

116 1494 747 67 Succus, nec cytiſus campis, nec gramina creſcunt,

744 1546 100 62 Infœ¬
