1087 1787
355 93 351 56 THYRSIS.

139 154 749 68 Teſtilus arte bonus: Coridon ſed carmine maior.

134 220 717 69 Ambo etiam magni: ſed non meliora ſequuntur.

133 285 801 73 Magnum opus est, ne par eſt magni Cæſaris ullum,

133 350 669 68 Hæc calamo te Thyrſi tuo ceciniſſe Poëtam,

132 413 655 72 Perdidit ut fundos noſtros, ut flumina diro

132 480 645 68 Sint olim gregibus noſtris infecta ueneno

134 548 692 67 Omnia, quæ Daphnis uoluit retinere nepotes,

136 609 686 69 Fœdauit miſeris, aut perdidit ipſe Menalcas.

135 678 722 67 Actum erat, egregius ni Pan demiſſus Olympo,

136 742 625 67 Inde à principio ſocio comitatus Alexi,

136 806 682 64 Edocuißet eas quibus omnia perdidit artes,

135 872 746 66 Et mala quanta ſua dederit cum gente Menalcas.

138 943 633 61 Omnia purgauit uarijs Pan rura uenenis.

140 1005 629 65 Pan ueteres riuos reparauit fontis opaci,

142 1067 753 68 Quem moriens Daphnis bis ſex paſtoribus olim

141 1134 723 67 Quatuor oſtendit partitum Thyrſi per orbem,

139 1198 613 66 Et latum fluuijs: quorum diuinitus unus.

143 1262 686 65 Ortum habet in terris, nulla eſt illius origo:

146 1330 747 63 Tres mundi ad partes reliqui tres currere puris

143 1392 748 71 Iamdudum pergunt Lymphis: qui pabula pleno

142 1460 660 79 Læta rigant pecori ſucco, tollunt́ uenena:

942 1518 48 68 Et
