1080 1793
265 107 379 56 ROMVLVS.

105 168 776 70 Quid quæris? ſunt omnia adempta peculia nobis.

99 237 644 64 Me lugete meæ miſerum lugete Camœnæ.

57 300 697 72 Hinc adeo huc res noſtra loci redijſſe uidetur,

106 362 620 72 Vt poſt mille mihi ſi detur uiuere meſſes,

104 431 725 67 Non reſtitutus in integrum tamen eſſe uidebor.

107 497 718 66 Bruma prius poma in uiridi mirabitur horto,

103 560 707 69 Stiriam & à tecto pendentem feruidus æſtus,

98 627 738 65 Aut canis ante citum leporem, uulpecula pullum,

96 691 734 69 Murem felis, ouem lupus, accipiter́ columbam,

95 757 631 67 Et raucas fugiet ſtupefacta ciconia ranas,

99 823 746 67 Quàm potero rurſum mihi debita regna uidere.

103 888 721 69 Sic mihi forte meus paruo poſt tempore uictus

105 958 737 63 Quærendus querulo & mendico carmine reſtat.

101 1021 649 63 Me lugete meæ miſerum lugete Camœnæ.

49 1084 689 71 Iam quid ego non feci, intentatum́ reliqui?

99 1151 729 68 Si quo forte modo peſtem hanc auertere poſſem:

104 1215 628 64 Principio autoris caput execrabile diris

106 1278 677 66 Deuoui, cum interdicto tecti, ignis & undæ.

106 1346 776 65 Sperans hiſce minis, quas hactenus omnia rura &

104 1409 708 67 Agricolæ extimuere, alios damno unius huius

109 1479 607 75 Conſilium mutaturos, cautos́ futuros.

693 1526 53 71 iij

833 1527 65 55 Sed
