1648 2347
364 93 698 86 SELESTADIENSIS.

138 174 797 76 Hac cernis Andream uiator urnula

138 246 860 96 Maphȩodum, quo non aduleſcens fuit

135 332 857 82 Præſtantior uirtute, morum & ingeni.

135 404 871 86 Sed rara raro tranſit ad frugem indoles.

127 483 796 88 Duo luſtra uixit, & duas trieterides,

125 555 765 100 Nunc ſis abi, tibi perſuaſum ſiet,

123 637 959 88 Iuuenem bonum, ſemper ſatis ſenem mori.

207 715 1006 92 AD BEAtum Rhenanum municipẽ ſuum,

125 792 949 84 Dum miror pulſa nitidum caligine cœlum

195 868 863 90 Et medium brumæ, ueris habere uices,

133 948 1058 96 Tum mea, qui ſubito tam longa ſilentia rumpat

191 1022 744 94 Ales, & arguta dulcia uoce ſonet,

123 1099 1051 99 Miranti mihi Muſa refert, quid inepte laboras?

191 1185 781 84 Aduentus magni ſunt ea ſigna uiri.

119 1253 1065 108 Mox ſubeunt mentem tranſactȩ ſomnia noctis,

187 1341 770 96 Endymeonȩo digna ſopore nimis.

117 1417 963 94 Nam me dormitante uiri præſtantis imago,

195 1492 857 100 Viſa fuit gemina cingere fronde caput.

113 1570 1043 98 Hæc donum Ciceronis erat, Demoſthenis illa,

187 1652 777 90 Romanȩ, & Graiæ premia militiæ.

115 1732 1026 94 Sed dea non me falſum habuit, quæ deni uidi,

185 1811 920 92 Seſe etiam maius ſomnia pondus habent,

115 1881 1002 127 Dum certo reſerat Rhenanum fama Beatum,

1049 1971 99 96 b iij
