1604 2368
432 71 1025 98 EPIGRAMMATA IO. SAPIDI

452 144 776 102 Ipſa tuo Capo non dare teſticulos.

381 226 946 89 Ille meus Capus guſtum recreabit herilem,

450 301 804 95 Ille tuus Gallus diuæ erit aptus Opi.

489 386 721 101 DE DOmo Pauli phrygionis

559 461 337 87 municipis ſui.

383 536 964 101 Venit ab auguſtis anguſtum rebus ad uſum

442 619 930 93 Et nunc eſt tenuis quæ fuit ampla domus.

377 692 1003 101 Sed ſatis eſt Muſis, ut quæ poſt grandia Pluti,

446 775 879 97 Contentæ modicis, hic habitare parant.

551 854 734 97 IN ADOleſcentem publice in

653 933 415 91 corbe expoſitum.

365 1010 930 91 Omnia ſi perdas famam ſeruare memento,

436 1089 824 91 Scripſiſti famæ non memor ipſe tuæ.

371 1166 1011 92 Quod ſi non digitis, ſed ſcriptum mente fuiſſet,

432 1243 893 102 Non in corbe fores fluctibus expoſitus.

355 1326 909 86 Omnis ut artis eget puræ cuſtodia famæ,

416 1397 775 100 Perdita ſic nulla reddier arte ualet.

353 1478 998 90 Sed te alioqui inopem leuat hac infamia cura

412 1553 960 96 Ne ſerues, quoniam perdere nil reliqui eſt.

509 1631 812 97 EPITAphium uulpis interemptȩ.

349 1704 988 93 Hic iaceo uulpes, teneris quæ facta ſub annis,

426 1793 854 89 Præda, dehinc uili uendita ſum precio,

351 1864 1112 123 Paſcor ut ingenij moueam improbitate cachinnos,
