1708 2356
347 70 714 87 SELESTADIENSIS.

123 215 1070 95 Nicoleos Bernhardus in hac Bulachius vrna eſt.

233 135 932 102 EPltaphium Nicolai Bulachij aduleſcẽtis.

194 294 769 96 Qui tenuit uitæ uix duo luſtra ſuæ,

119 378 934 87 Sat uixit, quoniam uixit bene, uita nec ulla

190 453 889 100 Plus habet, eſt primũ naſcier, inde mori.

338 532 684 92 OB. Seleſtadij M. D. xviij.

108 683 1165 110 Pãde fores te CHRISTVS adit uenerabilis hoſpes.

444 614 428 77 DE EVchariſtia.

182 773 891 92 Hic tibi perpetuum conferet hoſpitium.

104 930 1075 102 Pande fores, omnem domus oſtende nitorem,

489 846 342 84 DE EAdem.

190 1011 845 88 Te non ingrat, us qui petit, hoſpes erit.

102 1079 937 104 Nam ꝑiter tibi ſydereũ reſerabit Olympũ,

178 1160 735 92 Et dabit æternas cernere delitias.

375 1232 609 106 DE NAtali pueri IESV.

102 1315 656 90 Qui ſuos ſoli rapido labores.

96 1395 831 99 Et globum Phœbes uariȩ coruſcum,

100 1474 719 88 Et tot immenſum faciebus olim

438 1552 407 93 Condidit orbem.

100 1635 609 77 Ecce natura deus abrogata

98 1712 670 80 Prodit ex aluo Mariæ tenella

106 1784 733 108 Virginis, natus Solymas ad oras,

432 1865 318 108 Nocte ſilenti.

1055 1957 88 102 c ij
