1694 2356
406 70 702 92 SELESTADENSIS.

159 147 927 94 Ponite ſpem medici, ſaluandæ ponite uite

239 235 869 83 Si mors uictorem uincere uicta poteſt.

167 378 947 103 Corpus Ioannis Ruſeri hæc continet urna,

343 296 751 90 EPITAphium Ioannis Ruſeri.

245 461 804 96 Qui Graio & Latio claruit eloquio,

174 541 981 93 Tot pariter, quod uix multi, uirtutibus unus

237 618 824 94 Hinc uiſus ſuperis dignior eſſe polo.

167 702 1069 97 Sic diem meruit properata morte ſupremum,

241 775 800 92 Viueret æternos ut ſuper aſtra dies.

349 846 710 102 OB. Seleſtadij. M. D. xviij.

351 940 690 96 DE PVbe habita pro capillis

172 1085 1042 108 Improba ridiculo genitalem fœmina barbam

473 1011 397 94 diuæ Catharinæ.

249 1168 898 102 Coſtidos inſignes donat habere comas.

172 1244 1009 98 Credulus hic toto circumfert orbe capillos,

239 1327 769 92 Allicitur plębes in noua uota leuis

174 1401 989 98 Conueniunt, orant, & crinibus oſcula figunt

253 1484 876 92 Culta fuit Bromij non ita uerpa patris.

170 1558 879 91 Efficit, hæc fidei uis eſt, miracula pubes.

249 1635 873 88 O quoties umbram res pietatis habent,

180 1712 969 106 Verius in diuis colitur, quod uiuit Olympo

247 1796 814 90 Poſthabitis terræ, quæ ſua, reliquijs.

180 1874 946 116 Qui uita ſuperos & moribus exprimit, ille.
