<?xml version="1.0" encoding="UTF-8"?>
<alto xmlns:xsi="http://www.w3.org/2001/XMLSchema-instance"
      xmlns="http://www.loc.gov/standards/alto/ns-v4#"
      xsi:schemaLocation="http://www.loc.gov/standards/alto/ns-v4# http://www.loc.gov/standards/alto/v4/alto-4-2.xsd">
  <Description>
    <MeasurementUnit>pixel</MeasurementUnit>
    <sourceImageInformation>
      <fileName>27_9c54d_default.jpg</fileName>
      <fileIdentifier>https://api.digitale-sammlungen.de/iiif/image/v2/bsb11220144_00028/full/full/0/default.jpg</fileIdentifier>
    </sourceImageInformation>
  </Description>
  
  <Tags>
    <OtherTag ID="BT780" LABEL="MainZone" DESCRIPTION="block type MainZone"/><OtherTag ID="BT781" LABEL="MarginTextZone" DESCRIPTION="block type MarginTextZone"/><OtherTag ID="BT782" LABEL="QuireMarksZone" DESCRIPTION="block type QuireMarksZone"/><OtherTag ID="BT783" LABEL="RunningTitleZone" DESCRIPTION="block type RunningTitleZone"/><OtherTag ID="BT784" LABEL="DropCapitalZone" DESCRIPTION="block type DropCapitalZone"/><OtherTag ID="BT785" LABEL="NumberingZone" DESCRIPTION="block type NumberingZone"/><OtherTag ID="BT1532" LABEL="TitlePageZone" DESCRIPTION="block type TitlePageZone"/>
    <OtherTag ID="LT272" LABEL="HeadingLine" DESCRIPTION="line type HeadingLine"/><OtherTag ID="LT273" LABEL="DefaultLine" DESCRIPTION="line type DefaultLine"/><OtherTag ID="LT274" LABEL="DropCapitalLine" DESCRIPTION="line type DropCapitalLine"/><OtherTag ID="LT573" LABEL="CustomLine" DESCRIPTION="line type CustomLine"/>
  </Tags>
  
  <Layout>
    <Page WIDTH="1684"
          HEIGHT="2346"
          PHYSICAL_IMG_NR="23"
          ID="eSc_dummypage_">
      <PrintSpace HPOS="0"
                  VPOS="0"
                  WIDTH="1684"
                  HEIGHT="2346">
        
        <TextBlock HPOS="422"
                   VPOS="62"
                   WIDTH="1027"
                   HEIGHT="88"
                   ID="eSc_textblock_4902313f"
                   TAGREFS="BT783">
          <Shape><Polygon POINTS="1449 78 1441 150 426 150 422 78 772 62"/></Shape>
          
          
          <TextLine ID="eSc_line_5bb23684"
                    TAGREFS="LT273"
                    BASELINE="426 142 1441 134" 
                    HPOS="424"
                    VPOS="62"
                    WIDTH="1017"
                    HEIGHT="98">
            <Shape><Polygon POINTS="1402 76 1382 76 1363 76 1343 74 1324 74 1304 74 1285 74 1265 72 1245 72 1226 72 1206 72 1187 70 1167 70 1148 70 1128 70 1112 70 1108 70 1107 70 1105 68 1089 68 1069 68 1050 68 1030 68 1011 66 991 66 972 66 952 66 932 64 913 64 911 64 893 68 764 62 756 62 737 62 717 64 698 64 678 66 659 66 639 66 637 66 620 70 612 70 610 70 606 68 600 68 580 70 575 70 565 74 514 72 502 74 483 74 463 74 443 76 424 76 426 142 426 160 684 148 868 158 870 158 932 146 1437 154 1441 134 1431 101 1421 76"/></Shape>
	    <String CONTENT="EPIGRAMMATA IO. SAPIDI"
                    HPOS="424"
                    VPOS="62"
                    WIDTH="1017"
                    HEIGHT="98"></String>
          </TextLine>

          
        </TextBlock>
        
        <TextBlock HPOS="352"
                   VPOS="177"
                   WIDTH="1183"
                   HEIGHT="1776"
                   ID="eSc_textblock_f5826a81"
                   TAGREFS="BT780">
          <Shape><Polygon POINTS="1263 185 1245 318 1128 367 1355 406 1363 467 1277 516 1371 563 1308 821 1339 936 1269 991 1425 1024 1433 1163 1535 1204 1519 1257 1435 1257 1371 1298 1394 1376 1378 1468 1425 1562 1269 1704 1363 1743 1355 1827 1292 1845 1355 1876 1363 1953 359 1953 352 1736 475 1720 461 1704 508 1665 445 1585 422 1438 352 1405 352 406 559 391 608 357 553 240 430 224 427 177 1309 177"/></Shape>
          
          
          <TextLine ID="eSc_line_9d91f69c"
                    TAGREFS="LT573"
                    BASELINE="438 217 1220 217" 
                    HPOS="438"
                    VPOS="152"
                    WIDTH="782"
                    HEIGHT="86">
            <Shape><Polygon POINTS="438 217 438 230 821 238 823 238 825 238 850 228 852 228 864 238 866 238 868 238 870 238 1028 228 1034 228 1038 228 1146 238 1148 238 1150 238 1173 228 1187 238 1189 238 1191 238 1193 238 1195 238 1220 226 1220 217 1220 152 438 152 438 217"/></Shape>
	    <String CONTENT="Ille colit ſuperos, &amp; colitur ſuperis."
                    HPOS="438"
                    VPOS="152"
                    WIDTH="782"
                    HEIGHT="86"></String>
          </TextLine>

          
          
          <TextLine ID="eSc_line_6f831f96"
                    TAGREFS="LT272"
                    BASELINE="612 308 1232 308" 
                    HPOS="612"
                    VPOS="222"
                    WIDTH="620"
                    HEIGHT="98">
            <Shape><Polygon POINTS="612 320 1232 318 1232 308 1232 236 1175 222 1173 222 1050 232 1001 234 989 230 972 222 970 222 968 222 966 222 964 222 964 224 958 228 952 236 907 236 899 228 895 224 895 222 893 222 891 222 737 222 735 222 723 224 672 234 661 224 661 222 659 222 657 222 612 222 612 308"/></Shape>
	    <String CONTENT="DE QVOdam monacho"
                    HPOS="612"
                    VPOS="222"
                    WIDTH="620"
                    HEIGHT="98"></String>
          </TextLine>

          
          
          <TextLine ID="eSc_line_8bef63ce"
                    TAGREFS="LT573"
                    BASELINE="367 455 1343 451" 
                    HPOS="365"
                    VPOS="383"
                    WIDTH="978"
                    HEIGHT="86">
            <Shape><Polygon POINTS="1324 400 1314 398 1290 398 1288 396 1285 394 1285 394 1265 391 1245 387 1243 385 1204 396 1171 383 1169 383 1167 383 997 396 991 396 987 396 891 383 889 383 794 385 792 385 790 385 790 387 778 396 774 398 741 396 596 385 594 385 592 385 567 396 559 398 471 396 463 398 443 398 424 400 404 402 385 402 365 402 367 455 367 465 1339 469 1343 451 1339 402 1324 400"/></Shape>
	    <String CONTENT="Lignipedem clamaſſe ferunt, ubi ſeria res eſt,"
                    HPOS="365"
                    VPOS="383"
                    WIDTH="978"
                    HEIGHT="86"></String>
          </TextLine>

          
          
          <TextLine ID="eSc_line_e44fc701"
                    TAGREFS="LT272"
                    BASELINE="700 373 1019 369" 
                    HPOS="698"
                    VPOS="310"
                    WIDTH="321"
                    HEIGHT="73">
            <Shape><Polygon POINTS="796 310 776 310 756 310 737 310 717 310 700 310 698 312 700 373 700 383 1019 377 1019 369 1015 316 831 310 815 310"/></Shape>
	    <String CONTENT="concionatore"
                    HPOS="698"
                    VPOS="310"
                    WIDTH="321"
                    HEIGHT="73"></String>
          </TextLine>

          
          
          <TextLine ID="eSc_line_9f7fce99"
                    TAGREFS="LT573"
                    BASELINE="440 533 1218 533" 
                    HPOS="440"
                    VPOS="457"
                    WIDTH="778"
                    HEIGHT="94">
            <Shape><Polygon POINTS="440 533 440 541 1216 551 1218 533 1218 477 1191 477 1169 457 1167 457 1165 457 1163 457 999 475 958 457 956 457 821 457 819 457 723 471 657 459 655 459 653 459 651 459 627 477 440 477 440 533"/></Shape>
	    <String CONTENT="Solueret in riſus plebis ut ora ioco,"
                    HPOS="440"
                    VPOS="457"
                    WIDTH="778"
                    HEIGHT="94"></String>
          </TextLine>

          
          
          <TextLine ID="eSc_line_d1ab5ce0"
                    TAGREFS="LT573"
                    BASELINE="367 611 1365 611" 
                    HPOS="367"
                    VPOS="543"
                    WIDTH="998"
                    HEIGHT="92">
            <Shape><Polygon POINTS="1347 555 1226 543 1224 543 1069 555 1058 555 1054 555 1017 543 1015 543 927 543 925 543 923 543 901 555 899 555 893 555 839 543 837 543 835 543 805 553 782 543 780 543 778 543 367 551 367 611 367 621 469 633 471 633 473 633 496 623 498 623 504 623 555 633 557 633 618 625 637 623 647 625 670 633 672 633 674 635 872 635 872 633 874 633 876 633 880 629 887 623 1005 629 1073 633 1075 633 1103 631 1175 623 1208 631 1212 633 1214 633 1216 633 1228 633 1304 623 1363 633 1365 611 1359 574 1347 555"/></Shape>
	    <String CONTENT="Sunt tria quiſ ſuæ, quæ credat iure maritus"
                    HPOS="367"
                    VPOS="543"
                    WIDTH="998"
                    HEIGHT="92"></String>
          </TextLine>

          
          
          <TextLine ID="eSc_line_18e3fb54"
                    TAGREFS="LT573"
                    BASELINE="443 688 1322 692" 
                    HPOS="442"
                    VPOS="621"
                    WIDTH="880"
                    HEIGHT="88">
            <Shape><Polygon POINTS="443 688 442 694 541 707 543 709 803 709 803 707 805 707 846 697 903 709 905 709 1083 699 1306 709 1308 709 1310 709 1312 709 1312 707 1320 697 1322 692 1320 637 1253 623 1251 623 1187 633 1173 635 1126 633 975 623 974 623 934 629 897 635 886 629 872 621 870 621 868 621 866 621 850 627 837 635 704 635 686 625 678 621 676 621 674 621 631 623 510 633 443 621 443 688"/></Shape>
	    <String CONTENT="Vxori, in reliquis non adhibenda fides."
                    HPOS="442"
                    VPOS="621"
                    WIDTH="880"
                    HEIGHT="88"></String>
          </TextLine>

          
          
          <TextLine ID="eSc_line_9d37f353"
                    TAGREFS="LT573"
                    BASELINE="365 770 1304 766" 
                    HPOS="363"
                    VPOS="703"
                    WIDTH="941"
                    HEIGHT="88">
            <Shape><Polygon POINTS="365 770 365 782 784 791 786 791 813 785 842 780 874 787 886 789 887 789 889 789 891 789 897 787 909 780 923 787 925 789 927 789 929 789 930 789 956 787 1028 780 1038 787 1038 789 1040 789 1042 789 1044 789 1046 789 1048 789 1048 787 1060 782 1069 787 1069 789 1071 789 1073 789 1075 791 1245 791 1245 789 1247 789 1249 789 1265 780 1298 789 1304 766 1300 703 363 703 365 770"/></Shape>
	    <String CONTENT="Si cęnante uiro, non eſt, uel clam prius ędit"
                    HPOS="363"
                    VPOS="703"
                    WIDTH="941"
                    HEIGHT="88"></String>
          </TextLine>

          
          
          <TextLine ID="eSc_line_f89aa6d9"
                    TAGREFS="LT573"
                    BASELINE="434 844 1271 850" 
                    HPOS="432"
                    VPOS="778"
                    WIDTH="839"
                    HEIGHT="88">
            <Shape><Polygon POINTS="434 844 432 860 1267 866 1271 850 1267 783 1077 791 1028 782 1022 782 1020 782 1019 782 1017 782 995 791 948 782 932 780 930 780 915 782 870 789 844 782 839 780 837 780 764 780 762 780 760 780 758 780 758 782 756 782 749 789 725 782 711 778 709 778 708 778 706 778 704 778 700 782 686 787 434 782 434 844"/></Shape>
	    <String CONTENT="Lautius, aut poſthac ſe ſaturare parat,"
                    HPOS="432"
                    VPOS="778"
                    WIDTH="839"
                    HEIGHT="88"></String>
          </TextLine>

          
          
          <TextLine ID="eSc_line_2f92b434"
                    TAGREFS="LT573"
                    BASELINE="367 924 1326 928" 
                    HPOS="365"
                    VPOS="862"
                    WIDTH="961"
                    HEIGHT="86">
            <Shape><Polygon POINTS="1320 877 1257 864 1255 864 1253 864 1218 877 1218 879 1140 879 1138 877 1126 866 1126 864 1124 864 1122 864 1120 864 1118 864 1089 877 1087 879 1030 879 1026 875 1013 864 1011 864 1009 864 975 864 974 864 972 864 970 864 970 866 958 875 956 877 952 875 919 864 917 864 915 864 860 873 796 862 668 862 666 862 664 862 663 862 645 873 641 875 631 873 594 862 592 862 590 862 588 862 586 862 573 871 567 877 434 877 430 871 420 864 420 862 418 862 416 862 414 862 367 869 367 924 365 938 655 944 657 944 729 938 770 934 794 938 846 946 848 946 895 936 901 936 903 936 915 946 917 946 919 946 921 946 964 936 970 936 977 936 1042 946 1044 946 1097 936 1099 936 1101 936 1126 946 1128 946 1130 948 1130 946 1132 946 1157 936 1165 944 1165 946 1167 946 1169 946 1171 946 1324 934 1326 928 1324 891 1320 877"/></Shape>
	    <String CONTENT="Cum parit, aut de legitimo fȩcunda marito,"
                    HPOS="365"
                    VPOS="862"
                    WIDTH="961"
                    HEIGHT="86"></String>
          </TextLine>

          
          
          <TextLine ID="eSc_line_fbd0d2f8"
                    TAGREFS="LT573"
                    BASELINE="438 1002 1202 1006" 
                    HPOS="436"
                    VPOS="938"
                    WIDTH="766"
                    HEIGHT="82">
            <Shape><Polygon POINTS="438 1002 436 1020 1200 1020 1202 1006 1200 940 1138 940 1136 940 1134 940 1132 940 1118 952 1032 940 1026 940 1024 940 1022 940 1020 940 1001 952 848 952 827 940 819 938 817 938 815 938 813 938 801 942 772 950 751 942 741 938 739 938 737 938 735 938 727 942 708 950 680 942 666 938 664 938 663 938 661 938 649 942 627 950 606 942 600 940 598 940 596 940 594 940 592 940 590 942 584 948 578 942 575 940 575 938 573 938 571 938 569 938 567 938 551 942 526 950 438 944 438 1002"/></Shape>
	    <String CONTENT="Aut fuit alterius ſemine mixta uiri."
                    HPOS="436"
                    VPOS="938"
                    WIDTH="766"
                    HEIGHT="82"></String>
          </TextLine>

          
          
          <TextLine ID="eSc_line_ab39843e"
                    TAGREFS="LT573"
                    BASELINE="359 1086 1423 1081" 
                    HPOS="357"
                    VPOS="1012"
                    WIDTH="1066"
                    HEIGHT="88">
            <Shape><Polygon POINTS="1414 1026 1347 1026 1343 1026 1308 1012 1306 1012 1304 1012 1302 1012 1261 1026 1255 1026 1251 1026 1204 1012 1202 1012 1200 1012 1105 1022 1065 1012 1063 1012 1062 1012 989 1024 868 1016 866 1016 864 1016 833 1026 823 1028 813 1026 782 1014 780 1014 778 1014 776 1014 745 1026 741 1026 737 1026 717 1016 715 1016 713 1016 711 1016 709 1016 709 1018 702 1026 696 1032 600 1032 582 1026 555 1016 553 1016 551 1016 549 1016 531 1026 522 1030 477 1026 412 1018 410 1018 357 1024 359 1086 359 1100 1423 1100 1423 1081 1418 1043 1414 1026"/></Shape>
	    <String CONTENT="Nunc ubi mandatur gelido defuncta ſepulchro,"
                    HPOS="357"
                    VPOS="1012"
                    WIDTH="1066"
                    HEIGHT="88"></String>
          </TextLine>

          
          
          <TextLine ID="eSc_line_0151a591"
                    TAGREFS="LT573"
                    BASELINE="432 1157 1416 1161" 
                    HPOS="430"
                    VPOS="1092"
                    WIDTH="986"
                    HEIGHT="79">
            <Shape><Polygon POINTS="432 1157 430 1171 1414 1171 1416 1161 1414 1110 1339 1110 1337 1108 1326 1096 1326 1094 1324 1094 1322 1094 1320 1094 1318 1094 1273 1106 1265 1108 1257 1106 1212 1094 1210 1094 1208 1094 1150 1104 1136 1106 1130 1104 1108 1094 1107 1094 1017 1094 1015 1094 972 1100 930 1108 907 1100 891 1094 889 1094 887 1094 886 1094 870 1100 848 1106 837 1098 827 1092 825 1092 823 1092 821 1092 819 1092 796 1098 762 1106 629 1094 590 1092 588 1092 576 1094 514 1106 487 1092 485 1092 432 1092 432 1157"/></Shape>
	    <String CONTENT="Non potuit morbum non habuiſſe malum."
                    HPOS="430"
                    VPOS="1092"
                    WIDTH="986"
                    HEIGHT="79"></String>
          </TextLine>

          
          
          <TextLine ID="eSc_line_ace8ec5a"
                    TAGREFS="LT573"
                    BASELINE="365 1239 1523 1239" 
                    HPOS="365"
                    VPOS="1176"
                    WIDTH="1158"
                    HEIGHT="86">
            <Shape><Polygon POINTS="1519 1198 1504 1190 1382 1190 1371 1178 1371 1176 1369 1176 1367 1176 1365 1176 1363 1176 1318 1190 1314 1192 1234 1192 1230 1188 1210 1176 1208 1176 1206 1176 1204 1176 1138 1188 1136 1188 1114 1178 1112 1178 1110 1178 1032 1186 1019 1176 1017 1176 1015 1176 1013 1176 913 1186 876 1192 786 1192 776 1186 754 1176 753 1176 751 1176 686 1186 651 1190 623 1184 580 1176 578 1176 526 1178 524 1178 522 1178 516 1184 510 1190 488 1184 459 1176 457 1176 455 1176 365 1182 365 1239 365 1251 387 1262 389 1262 391 1262 481 1253 520 1262 522 1262 524 1262 526 1262 563 1253 629 1253 639 1260 639 1262 641 1262 643 1262 645 1262 1523 1253 1523 1239 1523 1227 1519 1198"/></Shape>
	    <String CONTENT="Quin uideas, quibus una fides, quod fronte Catones"
                    HPOS="365"
                    VPOS="1176"
                    WIDTH="1158"
                    HEIGHT="86"></String>
          </TextLine>

          
          
          <TextLine ID="eSc_line_abf71acd"
                    TAGREFS="LT573"
                    BASELINE="428 1317 1318 1317" 
                    HPOS="428"
                    VPOS="1249"
                    WIDTH="890"
                    HEIGHT="80">
            <Shape><Polygon POINTS="428 1317 428 1329 1318 1327 1318 1317 1318 1266 1140 1251 1138 1251 1136 1251 1134 1251 1134 1253 1122 1262 1118 1264 1105 1260 1058 1251 1056 1251 1054 1251 1052 1251 1038 1260 1036 1262 1032 1260 1019 1249 1017 1249 1015 1249 1013 1249 1011 1249 1009 1249 1009 1251 997 1259 995 1262 985 1259 966 1253 964 1253 962 1253 925 1259 880 1264 868 1257 858 1249 856 1249 854 1249 780 1249 778 1249 708 1253 555 1264 539 1251 539 1249 537 1249 535 1249 533 1249 531 1249 528 1251 494 1262 479 1249 477 1249 475 1249 428 1249 428 1317"/></Shape>
	    <String CONTENT="Et ſunt corde Plani, nulla ſed in reliquis."
                    HPOS="428"
                    VPOS="1249"
                    WIDTH="890"
                    HEIGHT="80"></String>
          </TextLine>

          
          
          <TextLine ID="eSc_line_5a644309"
                    TAGREFS="LT573"
                    BASELINE="359 1397 1376 1397" 
                    HPOS="359"
                    VPOS="1331"
                    WIDTH="1017"
                    HEIGHT="88">
            <Shape><Polygon POINTS="359 1397 359 1405 442 1417 443 1419 547 1419 547 1417 549 1417 551 1417 563 1407 661 1417 663 1419 770 1419 770 1417 772 1417 774 1417 790 1407 809 1417 811 1417 813 1417 1376 1407 1376 1397 1376 1343 1353 1331 1351 1331 1349 1331 1347 1331 1312 1343 1277 1331 1275 1331 1273 1331 1196 1343 1191 1343 1189 1343 1175 1331 1173 1331 1171 1331 1169 1331 1167 1331 1165 1331 1150 1341 1116 1331 1114 1331 907 1331 905 1331 903 1331 889 1337 880 1343 862 1337 846 1333 844 1333 842 1333 799 1337 733 1343 723 1335 719 1331 717 1331 715 1331 713 1331 680 1335 618 1343 600 1333 594 1331 592 1331 590 1331 588 1331 586 1331 586 1333 584 1333 575 1345 443 1345 359 1331 359 1397"/></Shape>
	    <String CONTENT="Sic genus hoc, cuius paraſitus &amp; ille farinæ eſt,"
                    HPOS="359"
                    VPOS="1331"
                    WIDTH="1017"
                    HEIGHT="88"></String>
          </TextLine>

          
          
          <TextLine ID="eSc_line_1e0e7f0b"
                    TAGREFS="LT573"
                    BASELINE="434 1476 1333 1472" 
                    HPOS="432"
                    VPOS="1409"
                    WIDTH="901"
                    HEIGHT="86">
            <Shape><Polygon POINTS="434 1476 434 1485 567 1485 588 1495 590 1495 592 1495 1333 1485 1333 1472 1331 1425 1283 1409 1281 1409 1226 1409 1224 1409 1222 1409 1220 1409 1200 1423 1185 1411 1183 1411 1181 1411 1179 1411 1071 1421 1042 1423 1038 1421 1020 1409 1019 1409 1017 1409 1015 1409 968 1419 958 1421 954 1419 936 1411 934 1411 932 1411 930 1411 903 1419 876 1425 823 1417 778 1411 776 1411 774 1411 762 1417 743 1425 432 1413 434 1476"/></Shape>
	    <String CONTENT="Fœmineus gemina præminet ordo fide."
                    HPOS="432"
                    VPOS="1409"
                    WIDTH="901"
                    HEIGHT="86"></String>
          </TextLine>

          
          
          <TextLine ID="eSc_line_7872b7cc"
                    TAGREFS="LT272"
                    BASELINE="459 1567 1402 1573" 
                    HPOS="457"
                    VPOS="1493"
                    WIDTH="945"
                    HEIGHT="94">
            <Shape><Polygon POINTS="1394 1507 1198 1497 1196 1497 1150 1507 1138 1509 1128 1507 1093 1497 1091 1497 1089 1497 1044 1507 1042 1507 1040 1507 1030 1497 1030 1495 1028 1495 1026 1495 942 1495 940 1495 938 1495 936 1495 925 1505 923 1509 782 1509 772 1505 729 1493 727 1493 725 1493 459 1503 459 1567 457 1581 1398 1587 1402 1573 1400 1517 1398 1513"/></Shape>
	    <String CONTENT="EPITAphium Suſannæ Gueſtermannę"
                    HPOS="457"
                    VPOS="1493"
                    WIDTH="945"
                    HEIGHT="94"></String>
          </TextLine>

          
          
          <TextLine ID="eSc_line_4924b309"
                    TAGREFS="LT272"
                    BASELINE="518 1634 1341 1626" 
                    HPOS="516"
                    VPOS="1569"
                    WIDTH="825"
                    HEIGHT="75">
            <Shape><Polygon POINTS="1161 1573 1142 1573 1138 1573 1126 1577 1044 1577 1040 1573 1038 1571 1024 1571 1005 1571 1001 1571 993 1573 979 1575 975 1573 974 1571 966 1571 946 1571 940 1571 934 1573 921 1575 891 1571 887 1571 868 1571 848 1571 837 1571 827 1577 805 1571 790 1571 770 1569 758 1571 719 1579 690 1571 682 1569 680 1569 678 1569 666 1571 625 1579 516 1571 518 1634 518 1642 1316 1644 1318 1644 1320 1644 1341 1632 1341 1626 1337 1575 1198 1575 1198 1573 1181 1573"/></Shape>
	    <String CONTENT="quæ fuit uxor dñi Caſparis Gueſter¬"
                    HPOS="516"
                    VPOS="1569"
                    WIDTH="825"
                    HEIGHT="75"></String>
          </TextLine>

          
          
          <TextLine ID="eSc_line_965003e0"
                    TAGREFS="LT272"
                    BASELINE="575 1696 1230 1691" 
                    HPOS="573"
                    VPOS="1632"
                    WIDTH="657"
                    HEIGHT="88">
            <Shape><Polygon POINTS="573 1644 575 1696 575 1720 645 1710 1228 1710 1230 1691 1226 1640 848 1632 846 1632"/></Shape>
	    <String CONTENT="mãni, viij. uiri Seletſtadienſis."
                    HPOS="573"
                    VPOS="1632"
                    WIDTH="657"
                    HEIGHT="88"></String>
          </TextLine>

          
          
          <TextLine ID="eSc_line_f0c015b2"
                    TAGREFS="LT573"
                    BASELINE="355 1790 1353 1784" 
                    HPOS="354"
                    VPOS="1718"
                    WIDTH="999"
                    HEIGHT="82">
            <Shape><Polygon POINTS="1331 1732 1329 1730 1063 1718 1062 1718 1060 1718 1058 1718 1058 1720 1046 1730 964 1720 962 1720 960 1720 958 1720 940 1732 936 1734 854 1734 844 1732 782 1720 780 1720 778 1720 749 1732 745 1732 739 1732 698 1720 696 1720 694 1720 692 1720 657 1732 645 1734 627 1732 580 1722 578 1722 389 1730 373 1732 354 1734 355 1790 355 1800 1353 1800 1353 1784 1349 1737 1331 1732"/></Shape>
	    <String CONTENT="Occubuit muliebre decus, iacet ancora turbæ"
                    HPOS="354"
                    VPOS="1718"
                    WIDTH="999"
                    HEIGHT="82"></String>
          </TextLine>

          
          
          <TextLine ID="eSc_line_752ed922"
                    TAGREFS="LT573"
                    BASELINE="430 1868 1204 1868" 
                    HPOS="430"
                    VPOS="1800"
                    WIDTH="774"
                    HEIGHT="90">
            <Shape><Polygon POINTS="430 1868 430 1884 749 1890 751 1890 753 1890 758 1888 772 1880 817 1888 833 1890 835 1890 837 1890 839 1890 841 1888 852 1880 942 1880 1085 1890 1097 1890 1099 1890 1101 1890 1132 1880 1202 1890 1204 1868 1204 1816 979 1800 903 1800 901 1800 899 1800 897 1800 882 1812 868 1802 868 1800 866 1800 864 1800 862 1800 860 1800 823 1814 819 1814 815 1814 776 1800 774 1800 772 1800 670 1812 649 1816 530 1816 524 1812 508 1800 506 1800 504 1800 502 1800 430 1810 430 1868"/></Shape>
	    <String CONTENT="Pauperis illiſa, fracta Suſanna, rate."
                    HPOS="430"
                    VPOS="1800"
                    WIDTH="774"
                    HEIGHT="90"></String>
          </TextLine>

          
          
          <TextLine ID="eSc_line_d6079dc7"
                    TAGREFS="LT573"
                    BASELINE="367 1949 1357 1941" 
                    HPOS="367"
                    VPOS="1878"
                    WIDTH="990"
                    HEIGHT="108">
            <Shape><Polygon POINTS="1347 1892 1320 1878 1318 1878 1316 1878 1314 1878 1261 1894 1226 1878 1224 1878 1122 1878 1120 1878 1005 1880 1003 1880 946 1896 889 1880 887 1880 886 1880 884 1880 850 1894 815 1882 813 1882 811 1882 809 1882 760 1896 733 1882 731 1882 729 1882 727 1882 725 1882 709 1896 584 1900 561 1900 545 1886 545 1884 543 1884 541 1884 512 1884 510 1884 508 1884 506 1884 487 1896 453 1888 451 1888 449 1888 371 1900 367 1949 367 1962 485 1962 488 1962 504 1974 506 1974 508 1974 510 1974 582 1962 588 1962 592 1962 661 1984 663 1984 664 1986 792 1986 792 1984 794 1984 831 1962 848 1974 850 1974 852 1974 854 1974 856 1974 893 1962 911 1976 913 1976 915 1976 917 1976 919 1976 958 1966 1009 1982 1011 1982 1013 1982 1015 1982 1091 1960 1108 1956 1118 1960 1136 1970 1138 1970 1140 1970 1142 1970 1177 1960 1193 1956 1210 1960 1269 1978 1271 1978 1273 1978 1275 1978 1277 1978 1292 1968 1331 1976 1333 1976 1335 1976 1337 1976 1357 1962 1357 1941 1355 1929 1347 1892"/></Shape>
	    <String CONTENT="Terra fouet corpus. melior pars reddita cœlo"
                    HPOS="367"
                    VPOS="1878"
                    WIDTH="990"
                    HEIGHT="108"></String>
          </TextLine>

          
        </TextBlock>
        

        
      </PrintSpace>
    </Page>
  </Layout>
</alto>
