1704 2354
361 86 714 74 SELESTADIENSIS.

217 158 843 91 Hic habet æternũ fama relicta locum.

361 233 665 94 OB. Seleſtadij M, D. xix.

137 394 1027 102 En grauis ad noſtras rumor peruenerat aures,

323 307 821 91 AD PAulum Volſium Abbatem.

212 470 848 94 Commiſſam peſtem Paule fuiſſe tibi.

131 551 854 96 Indolui, dixi uocant ſi fata, tegamur

206 629 806 92 Ruſeri tumulo Volſius & Sapidus.

129 708 972 96 Marte diu dubio, ſuperas tame, & niſi ferro

202 788 891 90 Hæc elapſa foret, cæde maderet humus.

127 859 870 106 Eſſet & a morbo, qui non lętalior alter,

200 947 716 82 Æternum dono libera uita tuo.

125 1023 995 99 At nunc pernicie doctam, uel nomine terres,

196 1104 879 92 Et quocun uenis, non manet illa lues.

121 1178 919 85 Inde tuo acceſſu noſtris e męnibus actam

225 1259 901 90 Debemus, nimium quis modo ſęua fuit.

119 1337 972 96 Ergo diu ſine te, noſtram ſine Paule ſalutem

194 1414 795 94 Nobis, ſi tutos hoc cupis eſſe malo.

227 1502 931 106 AD MARſum uicinum ſuum pro amicę

392 1579 493 82 ſalute uota facientem.

115 1651 880 81 Cærea ſuſpendis Mariano dona ſacello

186 1730 932 96 Adſit ut hæc dominæ uirgo benigna tuæ.

111 1800 1037 116 Id pedes nudus, nudus caput, hyrtus amictu,

186 1894 860 124 Vt pietas celerem tam pia cogat opem,

1118 1969 46 98 d
