1714 2357
184 151 865 96 Quæ ſibi perniciem forte cacare uelint.

438 225 436 93 DE Fldei raritate.

108 310 986 92 Fœmineæ lachrymæ, nitidus ſol, riſus herilis,

188 392 930 93 Qui canis quarto ceu pede claudus init.

106 467 1020 96 Iſta docent alium at alium ſumentia uultum,

174 546 844 90 In reliquis pariter rebus abeſſe fidem.

220 618 851 102 AD IOannẽ Ruſerũ, Ex ſolis Iambis.

104 703 843 96 Maris procella, quem ſoli plurimus

102 785 701 94 Adegit error, a pudica coniuge

108 860 762 92 Abeſſe, luſtra bis duo per integra,

117 948 934 91 Thorum procis tot interim impetentibus,

104 1015 939 98 Domum reductus, haud dedit domeſticis

106 1094 743 94 Suis ciuibus, par eſſe gaudium,

104 1178 758 86 Huic quod ex tuo redire contigit,

115 1253 712 94 Tuis ſodalibus, mihi maxime,

108 1333 776 91 Quod unice meum tibi dicauerim

104 1404 914 96 Amorem, & hos Iambicos ſimul modos,

110 1479 723 90 Vt indices repulſæ amaritudinis

104 1559 868 94 Forent, Beatus hinc eundo quam mihi

106 1642 758 94 Reliquit, orbus ipſe nam licet mea

104 1722 701 79 Beatitate ſim, tamen te amiculo

104 1797 764 92 Nimis malis leuabor a doloribus,

114 1875 825 128 Quibus Beatus improbe nocet mihi.

340 70 707 94 SELESTADIENSIS.

1069 1948 90 104 d ij
