1685 2358
298 84 728 83 SELESTADIENSIS.

188 163 958 86 DE Carolo Rege Romanorum & Hiſpa¬

273 233 826 95 niarũ Nepote Maximiliani Cæſaris,

369 300 590 104 & Eraſmo Roterodamo.

74 389 1040 98 Diſcipulum Græci, præceptorem uocarunt,

141 467 1072 93 Magnum & Alexandrũ, Magnũ & Ariſtotelẽ.

60 550 1131 104 Hunc quod ad humanos docuit contendere faſtus,

133 628 983 95 Hunc ſibi quod tantas Marte parauit opes.

57 701 1101 104 Gloria magna quidem, ſed inanibus excita rebus.

129 786 834 92 Et niſi uenturæ quæ foret umbra rei.

51 864 1002 94 Nã ea iam tandem Germano prodijt orbe

123 949 873 82 Summa, ſed & ueris gloria nata bonis.

43 1019 1179 99 Summus em̃ Carolus, ſummus celebrẽtur Eraſmus,

123 1100 864 90 Quis nihil in toto ſol prius orbe uidet.

39 1175 1081 100 Hic docet humanos prorſus contemnere faſtus.

117 1261 779 88 Hic parat in terris omnia pace ſibi.

37 1332 1052 86 Ecce ſub his ſummis, redeunt ſua ſęcula mundo

114 1412 853 95 Plus multo priſcis aurea temporibus.

39 1495 1050 86 Hij tamen haud ab re tenuerũt nomina Magni

94 1572 938 96 Horum quod ſummi nomina iure forent.

147 1662 804 100 EPITAphium Chonradi Fonteij

342 1740 302 81 Veſennenſis.

39 1807 830 95 Conradus hoc Fonteius in ſolo ſitus,

43 1892 802 129 Vite repentino gradu metam attigit,

1042 1968 74 75 e
