1684 2351
421 78 1027 98 EPIGRAMMATA IO. SAPIDI

411 152 814 94 Auritis melior creditur eſſe decem.

358 237 959 94 Et dubitamus adhuc bis bini prodere teſtes

427 309 953 96 Rem, cui nemo poteſt non adhibere fidem.

356 387 888 94 Erectis nam te nobis recitante libellum

431 472 806 96 Verſandum lota nocte die manu.

360 546 949 100 A Latomi quo cenſura ſe purgat Eraſmus,

374 624 892 104 Tres ſtudijs linguas reſtituit ſacris.

356 705 1159 104 Hic tu Vimphelingus, Lepidus, Sapidus cuniclos

435 787 866 90 Vidimus ad uocem Paule ſedere tuam,

354 877 955 96 Id pedes in poſtremos, at ora tenentes,

429 948 894 88 Neſcio quid tremulis annuere auriculis.

390 1024 960 102 Quin etiam prope nos imo de fonte citatum,

431 1103 1037 105 Squammigerum ſumma ſtare palude gregem.

356 1179 986 112 Aphrica quæ poterit noſtro conferrier orto

431 1259 856 94 Qui mihi p̃ſtantes fert ratione feras?

354 1336 1110 100 Ob quem negligerent Cirrheæ Helicona ſorores,

425 1414 935 96 Et Venus Idalium linqueret alma nemus.

388 1490 1107 112 Quid? quod ad hũc nihil Heſperidũ uiridaria laudis

429 1569 904 104 Et nihil Alcinoi, nil & Adonis habent.

358 1647 926 106 O fortunatum nimiũ me, nam mea noſco,

431 1724 874 101 Quæ cornu Olenij ſunt potiora bonis.

368 1804 880 108 Vi tamen id me profiteor debere libelli,

431 1878 1011 136 Tam bene dij uertunt quicquid Eraſmus agit.
