1653 2343
291 62 760 98 SELESTADIENSIS.

82 134 1023 104 Sum Boio Auſtriaca parẽtibus orta Sybilla,

160 218 875 102 Freta Lodouico coniuge Phalſgraphio.

80 290 848 102 Iuſticiæ, pacis, fidei & pietatis alumno,

154 374 848 96 Coniugium melius non tulit ulla dies.

76 447 1035 101 Defuit hoc (tam nil plenũ eſt) fœlicibus unum,

158 529 971 97 Quod peperit noſter pignora nulla thorus.

181 609 940 97 IN Llbellũ Ottonis Brunfelſij Cartuſiani.

82 687 982 95 Qua ratione puer primis formetur ab annis.

144 765 840 98 Iſte bona plenus fruge libellus habet.

70 839 987 104 Hanc tibi ſementem fœcit Brunfelſius Otto,

146 925 922 90 Qui ſuus eſt candor, lector ut ipſe metas.

146 1009 1016 98 EPItaphiũ Excellẽtiſſimi pictoris loãnis cog¬

183 1085 944 86 nomẽto Sleſtadiẽſis, ꝗ fuit proauus mater¬

193 1146 895 109 nus D. Pauli Phrygiõis Parochi. Sleſta.

76 1230 1004 105 Clauſus Ioannes hac Sleſtadienſis in urna eſt,

146 1317 793 98 Inter pictores gloria prima bonos.

74 1392 815 97 Iſte licet mira artificem decęperit arte,

148 1468 692 95 Alter & illuſas ſollicitarit aues.

76 1546 1027 103 Et fuerit Venus huic meritoria picta magiſtro,

150 1632 821 92 At alios aliud condecorarit opus.

76 1704 1020 100 Plus tamen optaſſent hoc preceptore doceri.

150 1788 809 84 Artem arte ſuam nobilitare noua.

89 1862 1007 111 Tam ſimili forma non ouis oua reſpondent,
