1703 2355
493 68 728 110 SELESTADIENSIS.

347 149 430 108 IMago Samſonis.

141 231 1039 96 Cui leo, cui portæ, cui uictum mille uirorum,

200 310 852 84 Fœminea Samſon uincitur arte miſer.

343 386 601 108 IMago Ioannis Baptiſtæ,

121 465 1020 102 Ecce ſacrum Baptiſta docet caput enſe reciſus,

196 543 858 94 Quam, mordax uerum, res odioſa ſiet.

200 622 153 86 Numus.

123 686 1051 110 Quicquid es acturus, fac ſi potes, auſpice numo,

190 783 1010 92 Hoc duce conquires, quicquid Apollo uidet.

357 849 289 103 VEre diues.

125 938 1037 92 Qui paruo contentus agit, res poſſidet omnes,

192 1022 786 86 Et cui nulla ſatis copia ſemper eget.

347 1091 562 96 ADuleſcens capite ceſus.

115 1177 1004 92 Fulmineo ſecor enſe caput, ſpectante caterua,

198 1248 907 100 Quod mihi de ſacro, res ſacra rapta, loco.

347 1336 485 90 VEnefica combuſta.

117 1409 935 84 Conſilijs & concubitu cacodæmonis uſa,

200 1477 892 106 In cinerem rapido uertor ab igne leuem.

331 1554 197 82 Fortis.

125 1628 918 100 Qui ſubit hoſtiles certa ratione tumultus,

202 1711 799 80 Et non a ualido robore fortis erit.

357 1793 302 85 Temperans.

119 1864 1145 141 Flectere quem nequit immotũ maleſuada uoluptas,

1082 1933 106 113 g ij
