1692 2343
455 103 981 92 EPIGRAMMATA IO. SAPIDI

738 179 461 86 De Hirundine alba.

408 259 981 94 Coruus erat niueis indutus corpora pennis,

457 341 855 90 Nunc gerit infauſta garrulitate nigras,

406 419 1055 96 Hæc fuit atra, ſed, ut cygnus, nunc albet hirundo

457 499 812 88 Cui nimiũ lingua profuit eſſe leuem.

412 575 1160 96 Sic hominũ res ſunt, datur huic quod peccat honori

457 657 879 94 Alter idem faciat, iam graue crimen erit

554 736 864 87 De Diuite ægroto, medico & ruſtico.

406 816 1006 89 Summa fuit medico locupletis cura medendi

463 892 1027 92 Tandem animam edentis, ſed tamen exiguam,

414 976 1149 99 Tum medicus (det ut ægroto ſpem roboris) inquit

453 1054 900 78 Hunc flatum centum crede ualere minas

402 1130 934 82 Forte aderat diti Cereales pendere cenſus

449 1204 901 102 Ruſticus, is magnũ uentre dedit crepitũ

404 1286 727 86 Et tantillus ait, ſi fit te iudice tanti

453 1368 879 84 Non poterit tantus mille ualere minas?

408 1448 1041 96 Stulte quid admiraris opum uim, diues, in arca

459 1534 889 94 Si precioſa magis podice pauper habet.

816 1610 239 90 Ænigma.

404 1696 1034 92 Ante diem uitæ quam uirgo peregerat unum

455 1770 818 86 Nubilis eſt iuueni ducta puella uiro.

404 1852 975 92 Et nec adhuc ȩui ſpacio ſuperauerat annum

453 1938 744 112 Eſt ubi ſe natus de genitrice puer.
