1720 2358
438 102 711 90 SELESTADIENSIS.

214 178 1036 89 At ſepulchrali prius eſt data mortua tumbæ

267 265 816 88 Quam de maternis ædita uiſceribus.

214 337 1049 103 Nunc dulces quicun iocos & reddis & audis

263 422 784 81 Oedipodionias hic tibi ſume uices.

440 497 570 90 De duobus Cytharœdis

544 581 395 83 Ioanne & Petro.

216 654 853 86 Diſtat Ioanni Petrus uel δὶς διὰ πασω̃ν

273 734 898 95 Qui negat, eſt ſtolido craſſior ille Myda

216 813 947 98 Dignus & ut totus ſtupido mutetur aſello

263 899 849 77 Nec tantum pandas induat auriculas.

216 968 896 97 Hæc rata ſit tan Lydi ſententia Tmoli

265 1053 875 92 Phœbon Ioannes, Pana Petrus agit.

623 1129 320 77 Ad Gandum

226 1210 923 84 Te raro eſſe domi iactas, qui ſæpe uoceris

271 1283 753 100 Charus plebȩis nobilibus uiris

220 1369 992 83 Hæc eſt cauſa, cibi domus eſt tua ſemꝑ inanis

275 1448 1000 88 Conſtat ubi, quod edant, muribus eſſe nihil.

226 1526 1043 95 Sed probo, quod captas alienas umbra culinas

275 1605 869 90 Non uis ut mures, Gande, perire fame.

442 1680 711 86 Ad ſodales Eraſmo Roteroda¬

507 1766 613 85 mo conſuetudine iunctiſſ.

226 1841 965 100 O Lyſtri, Bruno, Baſili, Rhenane, Frobeni,

275 1923 485 112 Neſene candidiſſime,

1179 1992 114 114 a iij.
