1676 2330
398 71 1019 88 EPIGRAMMATA IO. SAPIDI

318 151 985 95 Heluetiæ decus æternum Glariane, probatis

405 231 589 85 Tum literis, tum moribus,

320 310 907 82 Integer interpres diuinæ mentis, & idem

407 388 579 87 Trilinguis Oecolampadi.

330 467 1021 90 Tu quo Gerbelli, gemini laus ſplendida iuris

402 547 605 84 Vtramque callens Pallada,

322 623 955 91 Artis Apollineæ Rheti celeberrime myſtes

394 702 530 88 Fonteie, uosque cæteri,

322 778 1060 103 Dulce ſodalitium, cum ueſtro tam bene Eraſmo

396 858 507 87 Vobis, & illi cum ſuis,

328 939 955 82 Quam bene ſylueſtri cum lectis eſse Dianæ

386 1021 616 91 Ninphiſ ſcimus cum dea,

316 1100 882 88 Vos adeo conſuetudo deuincit Eraſmi.

388 1184 544 83 Huic ueſtra conuenit,

314 1260 1158 95 Primum aut poſtremum quid dicã, aut mirer eorum

390 1333 565 88 Quis læta corda paſcitis?

314 1411 789 82 Si tractat ioca, ridetis, ſi ſeria, uultus

368 1493 478 79 Catonianos ſumitis.

310 1572 944 93 Si iubet, arrectas, ſuadetue, aduertitis aures

370 1654 655 87 Si humana, quam miramini?

308 1730 969 97 Si diuina docet, mox raptis mentibus, inter

384 1809 546 86 Cœli incolas uerſamini.

308 1895 975 126 Si graditur, comites eſtis, ſtantem repente
