1174 1764
435 126 424 41 LIBER AD LECTOREM

569 155 203 47 Iohannes Sapidus.

401 211 444 46 Nulla licet uendam terſæ myrothecia linguæ,

423 239 356 55 Sím rudis nuda ſimplicitate liber.

403 285 438 45 Attamen intentis neruis adnitor, ut hic quàm

417 317 378 51 Clarè Euangelicæ conſpiciantur opes.

407 357 463 48 Non adſpernetur, Chriſtum quicun profeſſus,

422 396 403 42 Craſſa, ſed ex animo ſcripta profecta pio.

403 430 429 37 Ne ſic dia, potens humili quæ ſæpe miniſtro

426 458 347 46 Dat Deus offerri, munera deſpiciat.

403 498 444 41 Rurſus non quæcun pio promuntur amore,

426 532 381 44 Sunt uelti Clarij dicta probanda Dei.

401 574 433 41 Mortales ſumus, ædenda ad mendacia nati,

426 602 393 46 Miſcentes rebus noſtra prophana ſacris.

404 637 527 50 Quin non hinc ab Apoſtolico iam tempore quiſquam

426 674 302 41 Iſta qui legitur labe carere fuit.

403 705 389 50 Eſt igitur Deus orandus, Lydóque lapillo,

429 745 366 44 Omnia lectori diſcutienda probo.

401 776 478 54 Diſcat, ut & quæ nigra & quæ ſint candida, certus

429 818 325 39 Credendum ſoli ſcilicet eſſe Deo.

404 851 446 41 Cuius ita agnoſcat uerbum ceu credit oportet.

426 879 369 58 Hinc me alijs facilem præbeo iudicijs.
