1681 2313
304 131 1186 88 IO. SAPIDI. SELESTADII BONAS LITERAS

499 198 730 75 DOCENTIS EPIGRAMMA.

576 254 563 75 LIBER LOQVITVR.

294 354 849 70 Intrepidus Chriſto uenio tutore libellus,

354 410 779 66 Cenſendum uarijs me dare iudicibus.

300 460 939 79 Nulla ſitis cupidum captandi tangit honoris,

366 516 686 71 Qui doceo laudem ſolius eſſe dei.

316 564 877 79 Suſ ego de fero probris me turpe laceſſi,

364 628 754 65 Qui iubeo ualido pectore ferre mala.

318 668 861 83 Tendo nec inſidias ulli, nec obeſſe laboro,

368 732 875 67 Qui moneo quemuis cuilibet eſſe bonum.

296 774 964 85 Sed doleo, multis minus hinc me forte probari,

375 840 712 71 Vnde mihi cunctos conciliare paro.

306 900 1072 59 Hos (quia non norunt, quid agant) fac Chriſte, reatu

356 946 781 64 Donato, in melius uertere conſilium.

314 992 804 85 Vt, poſito fuco, uere tua iuſſa capeſſant,

352 1050 912 133 Me bonum diſcant, quis putor eſſe malus.

1281 1162 199 77 Argumẽ
