1708 2232
303 52 85 76 168

602 52 620 78 IO. SAPIDI CARMEN

400 93 478 102 Vobis, & illi cum ſuis.

347 165 946 102 Quàm bene ſylueſtri cum lectis eſſe Dianæ.

396 234 645 93 Nymphís ſcimus cum dea.

346 297 854 93 Vos adeo conſuetudo deuincit Eraſmi,

385 364 526 87 Huíc ueſtra conuenit.

334 433 1163 100 Primum aut poſtremum quid dicam aut mirer eorum

390 496 544 86 Quis læta corda paſcitis:

329 558 781 89 Si tractat ioca ridetis, ſi ſeria, uultus

383 623 467 81 Catonianos ſumitis:

325 688 951 93 Si iubet arrectas, ſuadétue aduertitis aureis.

355 755 660 83 Si humana quàm miramini:

323 818 949 93 Si diuina docet, mox raptis mentibus, inter

375 881 519 88 Cæli incolas uerſamini.

321 944 990 99 Si graditur, comites eſtis, ſtantémque repente

368 1013 502 80 Si ſtat, corona cingitis.

316 1071 1031 108 Si Genio ad menſam, indulget gaudetis & ipſi

370 1143 549 86 Conuiuio hoc liberrimo.

312 1203 1077 99 Adde quod ingenium, grauitas, facundia, candor,

362 1275 555 86 Honos, decus, modeſtia.

321 1328 1046 104 Tot blandæ ueneres, charites tot caſti & amores:

364 1406 588 85 Et mille uirtutum agmina.

310 1469 938 95 A pede quæ certant imo componere totum

360 1532 648 91 Supremum ad uſ uerticem.

308 1592 988 106 Ceu quod uerſicolor, gemmis, aurí coruſcat,

370 1659 573 89 Diadema ſignis aſperum:

308 1724 1027 141 Quàm uos alliciant, rapiant, faciántque ſtupere

1285 1806 186 119 Quibus
