1834 2490
354 459 754 74 EPITAPHIVM IOANNI

387 511 663 81 Maio ſacrum, Ioan. Sapido Sele¬

577 572 342 67 ſtadien. Autore.

247 632 868 84 Sletſtadium, quod maiores dixere Selatum,

298 693 643 70 Natale Ioanni ſolum Maio fuit.

250 742 958 78 Hallis eum condit nunc ſacro Oenana ſepulchro,

311 794 754 83 Talique dignam ſe triumphat hoſpite.

250 847 894 79 Maius erat uere, quoniam nil maius habebat,

303 904 782 75 Nil prorſus unquam maius aula Regia.

258 958 883 75 Tantum conſilio, ingenio, grauitate, loquela,

300 1011 695 70 Candore, moribus, fideque claruit.

258 1063 960 76 Vix cum bis gemino decimũ ter contigit annum,

310 1114 657 81 Raro diu raris pepercit Atropos.

256 1166 841 79 Præſtat honeſta tamen paucis finita diebus

312 1229 762 79 Quam uita longo turpis acta tempore.

469 1319 537 90 Apoſtrophe Ia. Spiegel ad

573 1387 337 73 Maium fratrem.

250 1444 880 84 Hoc tibi prędulcis Frater miſerabile carmen,

312 1505 670 76 Exhibeo, Muſæ triſtia dona meæ.

268 1556 952 81 Tu uitam, tibi quam grator, nunc degis Olympo,

312 1614 684 75 Ipſe mortali conditione premor.

262 1665 940 78 At me, quod ueniet, quæ nos iterum uniet hora,

315 1719 854 97 Hoc ſolamen, & hæc ſpes tenet una. Vale.
