2287 3577
879 246 853 89 LIBER AD LECTOREM

1147 321 422 78 Iohannes Sapidus.

811 417 899 87 Nulla licet uendam terſæ myrothecia linguæ,

864 500 725 90 Sim́ rudis nuda ſimplictate liber.

809 586 889 65 Attamen intentis neruis adnitor, ut hic quàm

870 652 743 81 Clarè Euangelicæ conſpiciantur opes.

822 718 934 98 Non adſpernetur, Chriſtum quicun profeſſus,

864 798 799 81 Craſſa, ſed ex animo ſcripta profecta pio.

817 860 861 77 Ne ſic dia, potens humili quæ ſæpe miniſtro

863 930 696 85 Dat Deus offerri, munera deſpiciat.

817 1007 887 83 Rurſus non quæcun pio promuntur amore,

867 1094 753 66 Sunt ueluti Clarij dicta probanda Dei.

813 1160 869 62 Mortales ſumus, ædenda ad mendacia nati,

863 1218 781 71 Miſcentes rebus noſtra prophana ſacris.

817 1275 1052 104 Quin non hinc ab Apoſtolico iam tempore quiſquam

861 1355 610 79 Iſta qui legitur labe carere fuit.

815 1422 777 94 Eſt igitur Deus orandus, Lydo́ lapillo,

861 1496 692 83 Omnia lectori diſcutienda probo.

809 1559 958 98 Diſcat, ut & quæ ſint candida, certus

859 1635 666 77 Credendum ſoli ſcilicet eſſe Deo.

811 1703 897 85 Cuius ita agnoſcat uerbum ceu credit oportet.

861 1772 743 101 Hinc me alijs facilem præbeo iudicijs.
