1546 2351
268.0 423.0 492.0 55.0 IO. SAP. DE COMETA.

133.0 481.0 633.0 63.0 Eſt quem ſollicitat ne uaſti machina mundi,

184.0 540.0 584.0 57.0 Rurſus in antiquum ſit ſoluenda Chaos,

139.0 583.0 625.0 67.0 Conijcit hic ualido quaſſatis impete terris,

190.0 642.0 503.0 61.0 Tecta reuulſa ſuo corruitur a ſolo,

139.0 687.0 676.0 61.0 Stagnanteis alium terrent Epimethidos undæ,

192.0 734.0 558.0 61.0 Hic Phaëthontæo rebus ab igne timet,

144.0 785.0 639.0 59.0 Eſt qui mortaleis & cuncta animalia dicat.

193.0 834.0 524.0 63.0 Correpta Oenopia diſperitur a lue.

152.0 879.0 696.0 71.0 Quæ quia nil niſi ſunt miſeræ prænuncia ſortis,

195.0 938.0 629.0 70.0 Nec faciunt ſolidam capta reſponſa fidem.

150.0 995.0 659.0 60.0 Dic igitur Zieglere, decus uenerabile Muſis,

199.0 1036.0 547.0 65.0 Et ſimul omnigenis nobilitate bonis,

154.0 1095.0 706.0 55.0 Quid cenſes, pariter uiſum tibi, ferre Cometam?

205.0 1144.0 525.0 55.0 Nam ſcio iudicio pondus ineſſe tuo.

154.0 1187.0 659.0 68.0 Nequaquàm te ſortilegorum oracula poſco,

203.0 1244.0 582.0 52.0 Sed coniecturam commemorare tuam.

160.0 1289.0 604.0 68.0 Qui de præterito, de præſenti́ futurum

205.0 1334.0 666.0 76.0 Colligit, is pluſquàm magnus Apollo mihi eſt.

160.0 1398.0 676.0 53.0 Fac igitur, quoniam tua proſpicientia multum

211.0 1445.0 482.0 61.0 Hac in re mira dexteritate ualet,

166.0 1494.0 570.0 65.0 Sis facilis, multis́ malis è uatibus unus

215 1543 515 77 Ipſe bonus uates, ſi potes, eſſe uelis.

732 1649 100 67 F 3
