2479 3508
482 187 932 122 20 Verumtamẽ ſi, forte diŭtius

651 266 948 137 Aequo, putas mole crucis premi,

657 368 819 111 Hic ferreus fac ſis, Deũ

669 441 798 120 Hoſtis habere loco caueto.

266 540 222 146 ←

485 520 1456 152 21 Quo plus amat, uult auxilium hoc minus

678 622 959 111 Nudarier, ſed ſit tibi certius

695 707 842 114 Certo illius uerbũ, tui uel

698 803 883 117 Jŭtidicio titubante cordis.

479 885 1406 146 22 Nunc ergo iugis gratia habenda erit

695 985 1099 128 Patri at nato et ſpiritui Deo,

704 1075 900 123 Pro gratia facta reatus,

707 1160 1041 123 Nomen ut eius honor celebret,

488 1233 1099 152 23 Eius regnũ gentibus omnibus

710 1350 1090 132 Latũ per orbem plenius appetat

716 1441 906 117 Et fiat in terra uoluntas

719 1528 830 117 Eius, ut in regione cęli,

476 1601 1266 132 24 Nobis pręſtet, quîs opus indies,

710 1698 1181 126 Det debitoꝵ, ut nos, ueniã, damus,

722 1789 967 117 Nec nos grauet tentatione,

722 1865 1002 122 Sed truce liberet a Satane.

496 1955 1486 135 25 Quandoquidem Rex est ſimul et potens

730 2052 1003 114 Et glorioſus qui nec originẽ

730 2122 912 143 Regni ſui nouit, nec ullo

727 2207 1120 146 Tempore finẽ habiturus. Amẽ

882 2332 930 164 In locũ huius Quos plus amat

885 2461 182 93 scribe

467 2514 1333 169 ← Plęrũ lente, quos amat, adiuuat,

716 2616 1102 143 Causę inſcios, sed te tamẽ

1631 2598 184 76 erigat

812 2721 725 135 Solatiũ Verbi, tui uel

821 2815 745 158 Judicio titubante cordis
