2479 3508
482 187 932 122 20 Uerumtamẽ si, forte diutius

651 266 948 137 Aequo, putas mole crucis premi,

657 368 819 111 Hic ferreus fac sis, Deũ

669 441 798 120 Hostis habere loco caueto.

242 526 1699 149 ← 21 Quo plus amat, uult auxilium hoc minus

678 622 959 111 Nudarier, sed sit tibi certius

695 707 842 114 Certo illius uerbũ, tui uel

479 885 1406 146 22 Nunc ergo iugis gratia habenda erit

698 803 883 117 Iu⟦ti⟧dicio titubante cordis.

695 985 1099 128 Patri at nato et spiritui Deo,

704 1075 900 123 Pro gratia facta reatus,

488 1233 1099 152 23 Eius regnũ gentibus omnibus

707 1160 1041 123 Nomen ut eius honor celebret,

710 1350 1090 132 Latũ per orbem plenius appetat

716 1441 906 117 Et fiat in terra uoluntas

476 1601 1266 132 24 Nobis pręstet, quis opus in dies,

719 1528 830 117 Eius, ut in regione cęli,

710 1698 1181 126 Det debitoꝵ, ut nos, ueniã, damꝰ,

722 1789 967 117 Nec nos grauet tentatione,

722 1865 1002 122 Sed truce liberet a Satane.

496 1955 1486 135 25 Quandoquidem Rex est simul et potens

730 2052 1003 114 Et gloriosus qui nec originẽ

730 2122 912 143 Regni sui nouit, nec ullo

727 2207 1120 146 Tempore finẽ habiturus. Amẽ

882 2332 930 164 In locũ huius Quos plus amat

885 2461 182 93 scribe

444 2516 1353 170 ←Plęrũ lente, quos amat, adiuuat,

824 2628 991 143 Causę inscios, sed te tamẽ ⟦⟧

1631 2598 184 76 erigat

812 2721 725 135 Solatiũ Uerbi, tui uel

821 2815 745 158 Iudicio titubante cordis
