15508 20608
5890 686 4551 705 Ode tricolos tetrastrophos

7178 1030 206 343 et

5890 1081 4774 756 de lege : euangelio I. Sapidi

3159 1425 7093 807 1 Nobis ab alto missa salus polo,

4516 1957 5771 636 Clementiã per gratuitam dei

4499 2404 5084 584 Donata, non ullis bonorũ

4499 2850 5496 653 Ex meritis operũ impetrata

3263 3228 6955 756 2 Fixos ocellos firma hominis fides

4499 3709 7041 807 In solũ Iesum Christon habet, quod est

4516 4276 5341 584 Solus satisfactor, redemptor,

4516 4757 4792 515 Conciliator et aduocatus

3263 5220 6062 601 3 Humana uirtus induerat ſibi

4499 5684 5204 670 Persuasionẽ posse ⟦sua,⟧ dei, sua

4516 6302 4311 601 Se ui, uoluntati placere,

4516 6714 5822 670 Sed fuit is labor umbra fumi.

3331 7229 7677 653 4 Nam quo ⟦magis⟧ uolebat se ratio magis

4499 7693 5925 704 Prębere fortem et iussa capessere

4499 8277 5204 653 Hoc spiritus plus exolebat

4568 8689 6148 790 Quem tamẽ illa sibi expetebant

3417 9273 6990 670 6 Quid quęris ; actũ de miseris fuit,

4602 9771 6011 670 Quando deus re non alia magis

4619 10286 5547 636 Offenditur, nil damnat æque

4654 10733 5822 704 Atque opus in speciem patratũ.

3486 11248 6011 601 7 Uerumtamẽ non propterea dei

4654 11695 5547 721 Sententię non sat faciendũ erat.

4636 12278 6166 670 Quapropter humanę ⟦est⟧ misertus

4671 12811 4860 635 Omnipotens pater est ruinę,

3469 13378 6028 618 8 Misit natũ cęlitus huc suũ

4619 13790 6131 738 Is factus, expers criminis, est homo

4585 14253 5272 773 Qui sustulit legis grauamẽ

4585 14717 5324 756 Et patris est moderatus irę.

3554 15215 6784 876 9 Iam, quando nũc pro lege satisdatũ

4568 15713 5770 824 Uirtute Christi, discat homo pius

4551 16297 4104 773 Fiducię quę Christianę

4568 16881 4259 721 Sit uia relligio uera

3434 17310 6612 825 10 Tantum ore dicat pectore cõsono,

4636 17843 6097 927 O Christe uitã dat tua mors mihi

4636 18512 5032 704 Nam criminũ pęnas meoꝵ

4757 19028 4190 858 Supplicio soluisti atroci

11231 8191 3126 842 5 Hĩc nostra legi quũ

11987 8655 1992 412 nequiit sacrę

11953 8878 2868 464 Natura plene red-

12004 9222 1992 412 dere se parẽ

11953 9479 3160 601 Irã grauẽ poscẽte sũ-

11987 9840 601 378 mi

12004 10063 2885 618 Iusticia peperit to-

12004 10561 1202 481 nantis
