<?xml version="1.0" encoding="UTF-8"?>
<alto xmlns:xsi="http://www.w3.org/2001/XMLSchema-instance"
      xmlns="http://www.loc.gov/standards/alto/ns-v4#"
      xsi:schemaLocation="http://www.loc.gov/standards/alto/ns-v4# http://www.loc.gov/standards/alto/v4/alto-4-2.xsd">
  <Description>
    <MeasurementUnit>pixel</MeasurementUnit>
    <sourceImageInformation>
      <fileName>AST_212_59_60.pdf_page_1.png</fileName>
      
    </sourceImageInformation>
  </Description>
  
  <Tags>
    <OtherTag ID="BT1691" LABEL="MainZone" DESCRIPTION="block type MainZone"/><OtherTag ID="BT1692" LABEL="MarginTextZone" DESCRIPTION="block type MarginTextZone"/><OtherTag ID="BT1694" LABEL="GraphicZone" DESCRIPTION="block type GraphicZone"/>
    <OtherTag ID="LT651" LABEL="DefaultLine" DESCRIPTION="line type DefaultLine"/><OtherTag ID="LT652" LABEL="HeadingLine" DESCRIPTION="line type HeadingLine"/><OtherTag ID="LT653" LABEL="InterlinearLine" DESCRIPTION="line type InterlinearLine"/>
  </Tags>
  
  <Layout>
    <Page WIDTH="15508"
          HEIGHT="20608"
          PHYSICAL_IMG_NR="1"
          ID="eSc_dummypage_">
      <PrintSpace HPOS="0"
                  VPOS="0"
                  WIDTH="15508"
                  HEIGHT="20608">
        
        <TextBlock HPOS="3217"
                   VPOS="688"
                   WIDTH="8448"
                   HEIGHT="18119"
                   ID="eSc_textblock_a1c267b2"
                   TAGREFS="BT1691">
          <Shape><Polygon POINTS="3217 688 3217 18807 11563 18807 11563 12102 10350 10853 10319 10218 11665 9997 11563 688"/></Shape>
          
          
          <TextLine ID="eSc_line_39b0bd22"
                    TAGREFS="LT651"
                    BASELINE="3743 1081 6938 927 9686 961" 
                    HPOS="3743"
                    VPOS="549"
                    WIDTH="5943"
                    HEIGHT="687">
            <Shape><Polygon POINTS="9565 601 9394 601 9222 601 9050 601 8878 601 8827 635 8157 635 8088 583 8020 583 7848 583 7676 566 7504 566 7367 566 7333 601 7264 566 7161 566 6989 566 6818 549 6646 549 6371 583 6182 549 6131 549 5959 549 5787 549 5615 566 5444 601 5272 618 5117 618 5066 669 4997 721 4413 721 4241 738 4070 772 3898 789 3795 875 3743 1081 3743 1167 3812 1236 3829 1236 3846 1236 3864 1236 4946 1133 5100 1116 5238 1133 5907 1202 5924 1202 5942 1202 5959 1202 5959 1184 5976 1184 6028 1133 6062 1081 6148 1133 6251 1167 6268 1167 6285 1167 6508 1116 6800 1064 7573 1116 7968 1150 7985 1150 8003 1150 8088 1116 8363 1030 8621 1116 8655 1133 8672 1133 8689 1133 8758 1116 9136 1047 9668 1116 9686 961 9668 618 9565 601"/></Shape>
	    <String CONTENT="11 De quo mihi nil ambigitur, quia"
                    HPOS="3743"
                    VPOS="549"
                    WIDTH="5943"
                    HEIGHT="687"></String>
          </TextLine>

          
          
          <TextLine ID="eSc_line_da5813d9"
                    TAGREFS="LT651"
                    BASELINE="4671 1562 6921 1425 10407 1425" 
                    HPOS="4654"
                    VPOS="927"
                    WIDTH="5753"
                    HEIGHT="704">
            <Shape><Polygon POINTS="4671 1562 4671 1631 5804 1545 6474 1614 6491 1614 6508 1614 6526 1614 6543 1614 6646 1528 10390 1528 10407 1425 10390 961 9892 927 9874 927 9857 927 9840 927 9840 944 9789 978 9668 1116 8449 1133 8260 1047 8054 961 8037 961 8020 961 8003 961 7659 1081 7436 1150 7333 1081 7178 978 7161 978 7144 978 7127 978 6096 996 6079 996 6062 996 6062 1013 5942 1116 5529 1030 5512 1030 5495 1030 5478 1030 5478 1047 5341 1184 5323 1202 4654 1202 4671 1562"/></Shape>
	    <String CONTENT="Os nõ dat ullo uerba tuũ modo"
                    HPOS="4654"
                    VPOS="927"
                    WIDTH="5753"
                    HEIGHT="704"></String>
          </TextLine>

          
          
          <TextLine ID="eSc_line_7cc3fbab"
                    TAGREFS="LT651"
                    BASELINE="4722 1992 10630 1940" 
                    HPOS="4705"
                    VPOS="1442"
                    WIDTH="5925"
                    HEIGHT="687">
            <Shape><Polygon POINTS="10029 1442 9995 1442 9600 1511 9102 1442 8999 1442 8896 1442 8638 1562 8535 1614 7745 1614 7693 1562 7590 1459 7590 1442 7573 1442 7556 1442 7453 1442 7281 1442 7109 1442 7058 1442 7041 1442 7024 1442 6800 1562 6749 1579 6663 1562 6457 1494 6440 1494 6423 1494 6405 1494 6268 1562 6131 1614 4705 1562 4722 1992 4722 2129 6766 2009 7968 2077 8552 2112 8569 2112 10630 2026 10630 1940 10613 1562 10184 1442 10029 1442"/></Shape>
	    <String CONTENT="Quin ueritas cũ tutemet sis"
                    HPOS="4705"
                    VPOS="1442"
                    WIDTH="5925"
                    HEIGHT="687"></String>
          </TextLine>

          
          
          <TextLine ID="eSc_line_0d0fe2bc"
                    TAGREFS="LT651"
                    BASELINE="4722 2472 9892 2507" 
                    HPOS="4705"
                    VPOS="2043"
                    WIDTH="5187"
                    HEIGHT="584">
            <Shape><Polygon POINTS="4722 2472 4705 2593 9857 2627 9892 2507 9874 2181 9273 2181 9273 2163 9170 2077 9170 2060 9153 2060 9136 2060 9119 2060 8552 2146 8432 2163 8312 2146 7899 2060 7882 2060 7453 2129 7367 2146 7333 2129 7230 2043 7213 2043 7195 2043 7178 2043 6732 2112 6663 2129 6646 2112 6560 2043 6543 2043 6526 2043 6508 2043 6491 2043 6474 2043 6474 2060 6405 2112 6371 2146 6216 2112 5873 2043 5856 2043 5839 2043 5701 2095 5598 2146 4722 2095 4722 2472"/></Shape>
	    <String CONTENT="Non loqueris nisi ueritatẽ."
                    HPOS="4705"
                    VPOS="2043"
                    WIDTH="5187"
                    HEIGHT="584"></String>
          </TextLine>

          
          
          <TextLine ID="eSc_line_e887d12d"
                    TAGREFS="LT651"
                    BASELINE="3537 2953 9497 2885" 
                    HPOS="3520"
                    VPOS="2507"
                    WIDTH="5977"
                    HEIGHT="532">
            <Shape><Polygon POINTS="9153 2507 9136 2507 8689 2593 8604 2610 8586 2593 8449 2507 8329 2507 8157 2507 7985 2507 7831 2507 7487 2610 7401 2644 6251 2644 6234 2627 5942 2507 5924 2507 5907 2507 5890 2507 5873 2507 5873 2524 5753 2627 5718 2661 5220 2661 5186 2627 5031 2507 5014 2507 4997 2507 4980 2507 4963 2507 4722 2644 4671 2661 4310 2661 4293 2644 4190 2558 4035 2593 3949 2593 3881 2644 3846 2661 3520 2661 3537 2953 3537 3039 9479 2970 9497 2885 9479 2593 9170 2507 9153 2507"/></Shape>
	    <String CONTENT="12 Exinde uerbis qui solide tuis"
                    HPOS="3520"
                    VPOS="2507"
                    WIDTH="5977"
                    HEIGHT="532"></String>
          </TextLine>

          
          
          <TextLine ID="eSc_line_b8fd6bbf"
                    TAGREFS="LT651"
                    BASELINE="4671 3520 9806 3383 10871 3434" 
                    HPOS="4654"
                    VPOS="2936"
                    WIDTH="6217"
                    HEIGHT="739">
            <Shape><Polygon POINTS="10836 3331 10733 3056 9754 2936 9737 2936 9720 2936 9376 3056 9050 3005 9033 3005 9016 3005 8999 3005 8999 3022 8981 3022 8913 3108 8535 3039 8518 3039 8501 3039 8260 3125 7693 3039 7676 3039 7659 3039 7316 3125 7041 3005 7024 3005 7006 3005 6989 3005 6972 3005 6783 3159 5650 3039 5633 3039 5615 3039 5323 3177 4808 3056 4791 3056 4774 3056 4757 3056 4757 3074 4654 3159 4671 3520 4671 3640 6079 3675 6096 3675 6113 3675 6371 3606 6543 3537 7590 3520 7848 3554 8209 3623 8226 3623 8243 3623 8535 3537 8689 3503 9016 3520 9703 3589 9720 3589 9737 3589 9754 3589 9754 3572 9840 3503 9857 3486 9960 3503 10373 3572 10390 3572 10871 3469 10871 3434 10836 3297 10836 3331"/></Shape>
	    <String CONTENT="Confidit, unda tingitur et sacra,"
                    HPOS="4654"
                    VPOS="2936"
                    WIDTH="6217"
                    HEIGHT="739"></String>
          </TextLine>

          
          
          <TextLine ID="eSc_line_90b8925d"
                    TAGREFS="LT651"
                    BASELINE="4636 3984 9771 3949" 
                    HPOS="4619"
                    VPOS="3572"
                    WIDTH="5152"
                    HEIGHT="583">
            <Shape><Polygon POINTS="4636 3984 4636 4155 9754 4052 9771 3949 9737 3675 7796 3572 7178 3572 7161 3572 7144 3572 7127 3572 7024 3640 6989 3675 6903 3640 6714 3589 6697 3589 6680 3589 6423 3640 6251 3675 4619 3640 4636 3984"/></Shape>
	    <String CONTENT="Acturus est uitam perennẽ"
                    HPOS="4619"
                    VPOS="3572"
                    WIDTH="5152"
                    HEIGHT="583"></String>
          </TextLine>

          
          
          <TextLine ID="eSc_line_f8dd1266"
                    TAGREFS="LT651"
                    BASELINE="4671 4533 9926 4465" 
                    HPOS="4654"
                    VPOS="4070"
                    WIDTH="5272"
                    HEIGHT="601">
            <Shape><Polygon POINTS="4671 4533 4671 4550 5959 4671 5976 4671 5993 4671 6337 4550 6371 4550 7831 4550 7848 4550 8054 4636 8071 4636 8088 4636 9926 4533 9926 4465 9892 4190 8793 4190 8793 4173 8689 4087 8689 4070 8672 4070 8655 4070 8638 4070 7573 4155 6955 4207 6629 4155 6354 4104 6337 4104 6319 4104 6182 4138 5942 4224 5804 4138 5770 4121 5753 4121 5736 4121 5718 4121 5598 4138 5203 4224 4654 4138 4671 4533"/></Shape>
	    <String CONTENT="Omniƀ⁹ et numeris beatam."
                    HPOS="4654"
                    VPOS="4070"
                    WIDTH="5272"
                    HEIGHT="601"></String>
          </TextLine>

          
          
          <TextLine ID="eSc_line_19b1b38f"
                    TAGREFS="LT651"
                    BASELINE="3520 4928 9634 5100" 
                    HPOS="3503"
                    VPOS="4516"
                    WIDTH="6131"
                    HEIGHT="790">
            <Shape><Polygon POINTS="3520 4636 3520 4928 3503 5031 4087 5048 4087 5066 4156 5152 4173 5152 4173 5169 4190 5169 4207 5169 4224 5169 4654 5100 4722 5083 4843 5100 5358 5203 5375 5203 5753 5134 5924 5117 5976 5152 6062 5220 6079 5220 6096 5220 6113 5220 6131 5220 6302 5169 6423 5134 9600 5306 9634 5100 9617 4757 9033 4791 8844 4739 8586 4653 8569 4653 8552 4653 8535 4653 8363 4722 8277 4757 8226 4722 8123 4636 8106 4636 8088 4636 8071 4636 7316 4688 6869 4602 6852 4602 6354 4688 6182 4705 4791 4688 4774 4653 4654 4550 4654 4533 4636 4533 4619 4533 4602 4533 4585 4533 4362 4602 4087 4516 4070 4516 4053 4516 3537 4619 3520 4636"/></Shape>
	    <String CONTENT="13 Huic imputatur iusticię bonũ,"
                    HPOS="3503"
                    VPOS="4516"
                    WIDTH="6131"
                    HEIGHT="790"></String>
          </TextLine>

          
          
          <TextLine ID="eSc_line_4c6ccc8c"
                    TAGREFS="LT651"
                    BASELINE="4585 5581 6921 5581 10458 5718" 
                    HPOS="4568"
                    VPOS="5066"
                    WIDTH="5890"
                    HEIGHT="772">
            <Shape><Polygon POINTS="4568 5718 10424 5838 10458 5718 10458 5409 9205 5375 9153 5323 8981 5186 8964 5186 8947 5186 8930 5186 8913 5186 8518 5289 8398 5323 8346 5272 8226 5186 8226 5169 8209 5169 8191 5169 7264 5134 5907 5134 5890 5134 5873 5134 5856 5134 5856 5152 5718 5272 5375 5272 4602 5066 4585 5581 4568 5718"/></Shape>
	    <String CONTENT="Hac qui fide se roborat unica,"
                    HPOS="4568"
                    VPOS="5066"
                    WIDTH="5890"
                    HEIGHT="772"></String>
          </TextLine>

          
          
          <TextLine ID="eSc_line_10741961"
                    TAGREFS="LT651"
                    BASELINE="4619 6062 9016 6113 10476 6199" 
                    HPOS="4602"
                    VPOS="5632"
                    WIDTH="5874"
                    HEIGHT="756">
            <Shape><Polygon POINTS="4619 6062 4602 6216 5014 6302 5031 6302 5049 6302 5066 6302 5152 6233 5169 6216 5203 6233 5289 6319 5306 6319 5323 6319 5341 6319 5358 6319 5564 6251 5684 6216 5753 6251 5856 6319 5873 6319 5890 6319 5907 6319 5924 6319 6045 6268 6148 6216 6474 6285 6714 6319 6732 6319 6921 6285 7247 6233 7711 6319 7934 6354 7951 6354 7968 6354 8071 6319 8380 6251 10441 6388 10476 6199 10476 5838 9806 5838 9789 5821 9686 5718 9668 5718 9651 5718 9634 5718 8930 5804 8913 5804 8896 5804 8380 5684 8363 5684 8346 5684 8020 5787 7779 5684 7762 5684 7745 5684 6921 5770 6714 5667 6697 5667 6680 5667 5272 5753 5255 5753 4911 5632 4894 5632 4877 5632 4860 5632 4619 5735 4619 6062"/></Shape>
	    <String CONTENT="Hęc, proximũ, se prodit ipsam,"
                    HPOS="4602"
                    VPOS="5632"
                    WIDTH="5874"
                    HEIGHT="756"></String>
          </TextLine>

          
          
          <TextLine ID="eSc_line_9999e186"
                    TAGREFS="LT651"
                    BASELINE="4568 6663 8964 6594" 
                    HPOS="4551"
                    VPOS="6165"
                    WIDTH="4413"
                    HEIGHT="721">
            <Shape><Polygon POINTS="4568 6663 4568 6731 5083 6869 5100 6886 5547 6886 5547 6869 5564 6869 5581 6869 5581 6852 5701 6731 6972 6834 6989 6834 7006 6834 7024 6834 7024 6817 7144 6714 7831 6834 7848 6834 7865 6834 8037 6749 8655 6800 8672 6800 8689 6800 8964 6663 8964 6594 8947 6268 8638 6165 8621 6165 8604 6165 8003 6251 7796 6285 7522 6251 6869 6182 6852 6182 6457 6251 6337 6268 6165 6251 5753 6199 5736 6199 5718 6199 5581 6251 5426 6302 5341 6251 5306 6216 5289 6216 5272 6216 5255 6216 4551 6233 4568 6663"/></Shape>
	    <String CONTENT="Officiis uariis iuuando."
                    HPOS="4551"
                    VPOS="6165"
                    WIDTH="4413"
                    HEIGHT="721"></String>
          </TextLine>

          
          
          <TextLine ID="eSc_line_c2740ab2"
                    TAGREFS="LT651"
                    BASELINE="3469 7075 8930 7109" 
                    HPOS="3451"
                    VPOS="6680"
                    WIDTH="5479"
                    HEIGHT="635">
            <Shape><Polygon POINTS="3984 6680 3812 6697 3640 6714 3469 6938 3469 7075 3451 7161 3795 7281 3812 7281 3829 7281 4482 7178 4602 7281 4602 7298 4619 7298 4636 7298 4654 7298 4671 7298 4946 7178 4963 7178 4980 7178 5444 7298 5461 7298 6972 7315 6989 7315 7401 7229 7556 7195 7659 7229 7831 7298 7848 7298 7865 7298 7882 7298 7899 7298 7899 7281 7951 7229 8003 7195 8896 7247 8930 7109 8930 6817 8552 6714 8535 6714 8518 6714 7676 6800 7573 6714 7573 6697 7556 6697 7539 6697 7522 6697 7041 6800 7006 6800 6989 6800 6543 6714 6526 6714 6508 6714 6491 6714 6371 6800 6354 6800 5134 6800 5134 6783 4705 6680 4688 6680 4156 6680 3984 6680"/></Shape>
	    <String CONTENT="14 Ex lege noxę cognitio patet,"
                    HPOS="3451"
                    VPOS="6680"
                    WIDTH="5479"
                    HEIGHT="635"></String>
          </TextLine>

          
          
          <TextLine ID="eSc_line_065da917"
                    TAGREFS="LT651"
                    BASELINE="4465 7642 9720 7676 10991 7745" 
                    HPOS="4448"
                    VPOS="7178"
                    WIDTH="6543"
                    HEIGHT="721">
            <Shape><Polygon POINTS="10819 7350 10802 7333 9634 7229 9617 7229 9600 7229 9291 7315 9136 7350 8981 7298 8741 7212 8724 7212 8707 7212 8689 7212 8535 7281 8432 7350 7625 7350 7419 7264 7264 7195 7247 7195 7230 7195 6989 7247 6680 7315 6526 7229 6457 7195 6440 7195 6423 7195 6405 7195 6285 7229 6062 7281 5787 7212 5718 7195 5701 7195 5684 7195 5667 7195 5650 7195 5650 7212 5512 7298 5375 7195 5358 7178 5341 7178 5323 7178 5306 7178 5203 7195 4894 7264 4465 7178 4465 7642 4448 7762 5255 7762 5306 7779 5478 7865 5495 7865 5512 7865 6646 7813 7213 7779 7281 7813 7384 7882 7401 7882 7419 7882 7436 7882 8123 7848 8810 7796 8947 7865 8999 7882 9016 7882 9033 7882 9394 7865 10510 7813 10956 7899 10991 7745 10991 7401 10819 7350"/></Shape>
	    <String CONTENT="Qua pressa, damni conscia, mẽs iacet,"
                    HPOS="4448"
                    VPOS="7178"
                    WIDTH="6543"
                    HEIGHT="721"></String>
          </TextLine>

          
          
          <TextLine ID="eSc_line_811a9a3a"
                    TAGREFS="LT651"
                    BASELINE="4465 8157 9514 8157" 
                    HPOS="4465"
                    VPOS="7727"
                    WIDTH="5049"
                    HEIGHT="653">
            <Shape><Polygon POINTS="4465 8157 4465 8311 5100 8260 5169 8311 5220 8363 5238 8363 5255 8363 5272 8380 5667 8380 5667 8363 5684 8363 5907 8294 6045 8260 6165 8294 6337 8363 6354 8363 6371 8363 7195 8277 7453 8260 7487 8277 7590 8363 7608 8363 7625 8363 7642 8363 7659 8363 7899 8277 8003 8363 8020 8363 8037 8363 8054 8380 8810 8380 8810 8363 9514 8243 9514 8157 9514 7865 9016 7865 9016 7848 8896 7745 8896 7727 8878 7727 8861 7727 8844 7727 8827 7727 8415 7848 8398 7848 8380 7848 8054 7727 8037 7727 8020 7727 8003 7727 7642 7831 7590 7848 7522 7831 6955 7727 6491 7727 6474 7727 6457 7727 6440 7727 6285 7831 6251 7848 6199 7831 5993 7727 5976 7727 5959 7727 5942 7727 5684 7813 5633 7831 5581 7813 5375 7762 5358 7762 5341 7762 5323 7762 5186 7813 5083 7848 4997 7813 4757 7727 4739 7727 4722 7727 4705 7727 4465 7796 4465 8157"/></Shape>
	    <String CONTENT="Euangeli sed rursus illam"
                    HPOS="4465"
                    VPOS="7727"
                    WIDTH="5049"
                    HEIGHT="653"></String>
          </TextLine>

          
          
          <TextLine ID="eSc_line_dc266ad6"
                    TAGREFS="LT651"
                    BASELINE="4516 8638 10269 8638" 
                    HPOS="4516"
                    VPOS="8226"
                    WIDTH="5753"
                    HEIGHT="635">
            <Shape><Polygon POINTS="4516 8638 4516 8809 5701 8741 5804 8792 5839 8827 5856 8827 5873 8827 5890 8827 5907 8827 5924 8827 5959 8792 6010 8758 6113 8792 6268 8844 6285 8844 6302 8861 7796 8861 7796 8844 7814 8844 8123 8758 8243 8741 8380 8758 8896 8844 8913 8844 8930 8844 9136 8741 9153 8741 9239 8741 9806 8827 9823 8827 10269 8724 10269 8638 10269 8346 9359 8346 9342 8329 9256 8243 9256 8226 9239 8226 9222 8226 9205 8226 9188 8226 8964 8311 8930 8346 8449 8346 8398 8311 8294 8226 8277 8226 8260 8226 8243 8226 7711 8294 7487 8329 7350 8294 7127 8226 7109 8226 7092 8226 6697 8277 6405 8329 6319 8277 6251 8226 6234 8226 6216 8226 6199 8226 6182 8226 6165 8226 6096 8277 6010 8329 4516 8260 4516 8638"/></Shape>
	    <String CONTENT="Gratia mox leuat at firmat"
                    HPOS="4516"
                    VPOS="8226"
                    WIDTH="5753"
                    HEIGHT="635"></String>
          </TextLine>

          
          
          <TextLine ID="eSc_line_265f421a"
                    TAGREFS="LT651"
                    BASELINE="3383 8981 9995 9170" 
                    HPOS="3366"
                    VPOS="8586"
                    WIDTH="6629"
                    HEIGHT="773">
            <Shape><Polygon POINTS="3864 8586 3846 8586 3503 8689 3383 8947 3383 8981 3366 9187 3829 9101 3932 9187 3932 9204 3949 9204 3967 9204 4104 9222 4585 9273 4602 9273 4619 9273 4705 9239 4911 9153 5100 9256 5186 9290 5203 9290 6663 9325 6680 9325 6697 9325 6766 9290 6972 9187 7401 9187 7522 9307 7573 9342 7573 9359 7590 9359 7608 9359 7625 9359 7642 9359 7814 9307 8054 9239 8346 9325 8363 9325 8380 9325 8398 9325 8466 9325 9308 9256 9376 9342 9394 9342 9394 9359 9411 9359 9428 9359 9445 9359 9462 9359 9497 9342 9754 9273 9943 9359 9995 9170 9978 8758 9067 8861 8758 8741 8741 8741 8724 8741 8707 8741 8689 8741 8672 8741 8535 8844 7659 8844 7298 8741 7109 8689 7092 8689 7075 8689 6423 8741 5804 8775 5272 8724 3881 8586 3864 8586"/></Shape>
	    <String CONTENT="15 In lege nec pax nec requies inest,"
                    HPOS="3366"
                    VPOS="8586"
                    WIDTH="6629"
                    HEIGHT="773"></String>
          </TextLine>

          
          
          <TextLine ID="eSc_line_a5807e43"
                    TAGREFS="LT651"
                    BASELINE="4482 9617 10081 9668" 
                    HPOS="4465"
                    VPOS="9187"
                    WIDTH="5616"
                    HEIGHT="636">
            <Shape><Polygon POINTS="4482 9617 4465 9702 6886 9805 6903 9805 6921 9805 6938 9805 6972 9771 7058 9702 8071 9702 8191 9788 8226 9823 8243 9823 8260 9823 8277 9823 8294 9823 8363 9788 8518 9720 9359 9720 10046 9823 10081 9668 10046 9256 8226 9325 8071 9256 7985 9222 7968 9222 7951 9222 7728 9256 7504 9307 7316 9273 7075 9204 7058 9204 7041 9204 7024 9204 6835 9273 6714 9307 6680 9273 6629 9222 6611 9222 6594 9222 6577 9222 6010 9273 5770 9290 5701 9273 5461 9187 5444 9187 5426 9187 5409 9187 5392 9187 5255 9273 5220 9290 5186 9273 4980 9204 4963 9204 4946 9204 4482 9273 4482 9617"/></Shape>
	    <String CONTENT="Horret nil nõ om̃e opus illius,"
                    HPOS="4465"
                    VPOS="9187"
                    WIDTH="5616"
                    HEIGHT="636"></String>
          </TextLine>

          
          
          <TextLine ID="eSc_line_4f6afe80"
                    TAGREFS="LT651"
                    BASELINE="4482 10080 9308 10166" 
                    HPOS="4465"
                    VPOS="9702"
                    WIDTH="4843"
                    HEIGHT="687">
            <Shape><Polygon POINTS="4482 10080 4465 10218 4722 10338 4739 10338 6440 10372 6457 10389 7109 10389 7109 10372 7127 10372 7144 10372 7144 10355 7281 10235 7298 10235 7745 10338 7762 10338 7779 10338 7951 10252 9273 10252 9308 10166 9273 9754 8535 9874 7951 9737 7917 9737 7899 9737 7882 9737 7865 9737 7711 9874 7384 9874 6594 9720 6405 9702 5907 9702 5890 9702 5873 9702 5856 9702 5839 9720 5701 9823 4482 9720 4482 10080"/></Shape>
	    <String CONTENT="Quantãlibet perfectionẽ"
                    HPOS="4465"
                    VPOS="9702"
                    WIDTH="4843"
                    HEIGHT="687"></String>
          </TextLine>

          
          
          <TextLine ID="eSc_line_fcc28ce9"
                    TAGREFS="LT651"
                    BASELINE="4516 10647 9703 10698" 
                    HPOS="4499"
                    VPOS="10235"
                    WIDTH="5204"
                    HEIGHT="635">
            <Shape><Polygon POINTS="4499 10716 6319 10853 6337 10853 8123 10767 8329 10870 8346 10870 8363 10870 8380 10870 8621 10767 9686 10767 9703 10698 9703 10407 7367 10269 7350 10269 6955 10304 6371 10372 6010 10269 5907 10252 5890 10252 5873 10252 5856 10252 5839 10252 5821 10269 5701 10372 4980 10372 4533 10235 4516 10647 4499 10716"/></Shape>
	    <String CONTENT="In speciem fuit assequutũ."
                    HPOS="4499"
                    VPOS="10235"
                    WIDTH="5204"
                    HEIGHT="635"></String>
          </TextLine>

          
          
          <TextLine ID="eSc_line_436a2e4d"
                    TAGREFS="LT651"
                    BASELINE="3383 10990 5238 11093 10304 11128" 
                    HPOS="3366"
                    VPOS="10630"
                    WIDTH="6938"
                    HEIGHT="755">
            <Shape><Polygon POINTS="7762 10681 7745 10681 7728 10681 7711 10681 7642 10698 7367 10819 6319 10819 6165 10716 6096 10664 6079 10664 6062 10664 6045 10664 6028 10664 6010 10664 5959 10716 5873 10767 5753 10716 5615 10664 5615 10664 5478 10664 5375 10716 5323 10733 5255 10716 5049 10664 4928 10664 4894 10664 4825 10716 4722 10767 4190 10767 4156 10716 4070 10647 4070 10630 4053 10630 4035 10630 4018 10630 3503 10716 3383 10956 3383 10990 3366 11248 6199 11385 6216 11385 6234 11385 6440 11300 7075 11385 7092 11385 7109 11385 7281 11300 7436 11214 7608 11300 7642 11317 7659 11317 7676 11317 7693 11317 7711 11317 7728 11300 7848 11231 10269 11317 10304 11128 10287 10698 9634 10698 9617 10698 9600 10698 9170 10836 8226 10836 8140 10750 8140 10733 8123 10733 8106 10733 8088 10733 8071 10733 8054 10733 7951 10819 7796 10698 7779 10681 7762 10681"/></Shape>
	    <String CONTENT="16 Ergo fides quam pectus in intimũ"
                    HPOS="3366"
                    VPOS="10630"
                    WIDTH="6938"
                    HEIGHT="755"></String>
          </TextLine>

          
          
          <TextLine ID="eSc_line_96137ab6"
                    TAGREFS="LT651"
                    BASELINE="4396 11609 8913 11729 9789 11832" 
                    HPOS="4379"
                    VPOS="11162"
                    WIDTH="5410"
                    HEIGHT="773">
            <Shape><Polygon POINTS="4396 11609 4379 11712 6319 11729 6852 11832 7178 11866 7195 11866 7384 11849 7711 11798 8054 11866 8209 11901 8226 11901 8329 11883 8621 11815 8827 11901 8861 11918 8878 11918 9754 11935 9789 11832 9789 11471 9256 11471 9239 11437 9119 11317 9119 11300 9102 11300 9084 11300 8655 11282 8638 11282 8621 11282 8191 11403 8106 11420 7968 11403 7487 11300 7470 11300 7453 11300 7436 11300 7333 11368 7316 11385 7178 11368 6766 11300 6749 11300 6732 11300 6714 11300 6663 11351 6646 11351 6543 11248 6543 11231 6526 11231 6508 11231 6491 11231 5976 11317 5821 11197 5804 11197 5787 11197 5770 11197 5753 11197 5478 11300 5392 11334 5203 11300 4636 11162 4619 11162 4602 11162 4396 11248 4396 11609"/></Shape>
	    <String CONTENT="Infundit alm⁹ spũs est bonę"
                    HPOS="4379"
                    VPOS="11162"
                    WIDTH="5410"
                    HEIGHT="773"></String>
          </TextLine>

          
          
          <TextLine ID="eSc_line_2ced59a5"
                    TAGREFS="LT651"
                    BASELINE="4430 12124 9565 12261" 
                    HPOS="4413"
                    VPOS="11729"
                    WIDTH="5152"
                    HEIGHT="670">
            <Shape><Polygon POINTS="4430 12124 4413 12244 8277 12381 8294 12381 8689 12313 8896 12399 8913 12399 8930 12399 9548 12313 9565 12261 9565 11952 8655 11832 8638 11832 7917 11901 7796 11901 7779 11883 7659 11798 7659 11780 7642 11780 7625 11780 7608 11780 7127 11866 7109 11866 6285 11866 6268 11849 6182 11763 6182 11746 6165 11746 6148 11746 6131 11746 5701 11832 5650 11832 5598 11832 5289 11729 5272 11729 5255 11729 4430 11780 4430 12124"/></Shape>
	    <String CONTENT="Fons actionis, sed tamẽ non"
                    HPOS="4413"
                    VPOS="11729"
                    WIDTH="5152"
                    HEIGHT="670"></String>
          </TextLine>

          
          
          <TextLine ID="eSc_line_0fee6f9d"
                    TAGREFS="LT651"
                    BASELINE="4448 12691 9445 12725" 
                    HPOS="4430"
                    VPOS="12244"
                    WIDTH="5015"
                    HEIGHT="635">
            <Shape><Polygon POINTS="4448 12691 4430 12811 9411 12879 9445 12725 9411 12330 9016 12364 8896 12313 8758 12261 8741 12261 8724 12261 8707 12261 8689 12261 8638 12313 8569 12364 8174 12313 7848 12261 7831 12261 7573 12296 7109 12364 7006 12296 6972 12261 6955 12261 6938 12261 6921 12261 6749 12278 6371 12347 6216 12278 6131 12244 6113 12244 6096 12244 6079 12244 6062 12244 6028 12278 5924 12347 5564 12261 5426 12244 5409 12244 5289 12261 4911 12347 4791 12261 4791 12244 4774 12244 4757 12244 4739 12244 4448 12244 4448 12691"/></Shape>
	    <String CONTENT="Iusticiã parit hęc, sed illa."
                    HPOS="4430"
                    VPOS="12244"
                    WIDTH="5015"
                    HEIGHT="635"></String>
          </TextLine>

          
          
          <TextLine ID="eSc_line_80f11c54"
                    TAGREFS="LT651"
                    BASELINE="3297 13086 10338 13274" 
                    HPOS="3280"
                    VPOS="12708"
                    WIDTH="7058"
                    HEIGHT="755">
            <Shape><Polygon POINTS="10252 12948 9651 12811 9634 12811 9617 12811 9359 12931 8707 12931 8415 12776 8398 12776 8380 12776 7144 12879 6783 12759 6766 12759 6749 12759 5306 12828 5186 12708 5100 12708 4980 12811 4705 12725 4688 12725 4671 12725 4310 12794 4018 12708 3984 12725 3812 12725 3640 12742 3469 12759 3297 12983 3297 13086 3280 13189 3400 13274 3417 13274 3434 13274 3451 13274 3864 13171 3932 13171 4035 13189 4774 13326 4791 13326 5220 13240 5323 13223 5392 13240 5598 13343 5615 13343 6697 13378 6714 13378 6732 13378 6749 13378 6818 13309 6852 13292 6921 13309 7109 13395 7127 13395 7144 13395 7642 13343 8243 13292 8569 13395 8638 13412 8655 13412 8672 13412 8689 13412 8741 13395 9033 13309 9308 13429 9359 13446 9376 13446 9394 13446 9411 13446 9445 13429 9651 13326 10304 13463 10338 13274 10338 13017 10252 12948"/></Shape>
	    <String CONTENT="17 Hĩc fit, bonoꝵ quicquid homo facit,"
                    HPOS="3280"
                    VPOS="12708"
                    WIDTH="7058"
                    HEIGHT="755"></String>
          </TextLine>

          
          
          <TextLine ID="eSc_line_c11b7ae9"
                    TAGREFS="LT651"
                    BASELINE="4362 13669 10115 13704" 
                    HPOS="4344"
                    VPOS="13274"
                    WIDTH="5771"
                    HEIGHT="619">
            <Shape><Polygon POINTS="4344 13738 5186 13841 5203 13841 6079 13790 6234 13790 6251 13790 6405 13876 6423 13876 6440 13876 6886 13807 7178 13773 7436 13824 7745 13893 7762 13893 8518 13858 9771 13790 10063 13893 10115 13704 10098 13429 8638 13429 8569 13378 8346 13292 8329 13292 8312 13292 8294 13292 8106 13378 8054 13395 7951 13378 7676 13292 7659 13292 7642 13292 7298 13360 7075 13395 6921 13343 6749 13292 6732 13292 6714 13292 6697 13292 6680 13292 6629 13343 6594 13360 6560 13343 6508 13292 6508 13274 6491 13274 6474 13274 6457 13274 6062 13326 5547 13395 5358 13309 5289 13274 5272 13274 5255 13274 5238 13274 5134 13309 4791 13395 4379 13292 4362 13669 4344 13738"/></Shape>
	    <String CONTENT="Seruire debet nõ nisi proximo"
                    HPOS="4344"
                    VPOS="13274"
                    WIDTH="5771"
                    HEIGHT="619"></String>
          </TextLine>

          
          
          <TextLine ID="eSc_line_b14442e8"
                    TAGREFS="LT651"
                    BASELINE="4379 14185 9857 14271" 
                    HPOS="4362"
                    VPOS="13738"
                    WIDTH="5495"
                    HEIGHT="636">
            <Shape><Polygon POINTS="4379 14185 4362 14374 9840 14374 9857 14271 9857 13944 9531 13841 9514 13841 9497 13841 9479 13841 9325 13927 9308 13927 8380 13927 8346 13893 8191 13790 8174 13790 8157 13790 8140 13790 7728 13893 7659 13893 7453 13876 6285 13755 5770 13755 5753 13755 5736 13755 5718 13755 5633 13824 5581 13876 5392 13824 5066 13738 5049 13738 5031 13738 4379 13790 4379 14185"/></Shape>
	    <String CONTENT="Ex quo fides non ficta fructu"
                    HPOS="4362"
                    VPOS="13738"
                    WIDTH="5495"
                    HEIGHT="636"></String>
          </TextLine>

          
          
          <TextLine ID="eSc_line_bbb98dac"
                    TAGREFS="LT651"
                    BASELINE="4379 14700 9583 14648" 
                    HPOS="4362"
                    VPOS="14288"
                    WIDTH="5221"
                    HEIGHT="549">
            <Shape><Polygon POINTS="4379 14700 4379 14837 9565 14786 9583 14648 9548 14391 8758 14391 8758 14374 8672 14305 8672 14288 8655 14288 8638 14288 8621 14288 7831 14374 7453 14408 7281 14374 7058 14305 7041 14305 7024 14305 7006 14305 6766 14356 6560 14408 4362 14356 4379 14700"/></Shape>
	    <String CONTENT="Nosciter et pariter probatur"
                    HPOS="4362"
                    VPOS="14288"
                    WIDTH="5221"
                    HEIGHT="549"></String>
          </TextLine>

          
          
          <TextLine ID="eSc_line_23f2faf0"
                    TAGREFS="LT651"
                    BASELINE="3366 15078 6216 15164 11094 15078" 
                    HPOS="3348"
                    VPOS="14666"
                    WIDTH="7746"
                    HEIGHT="686">
            <Shape><Polygon POINTS="10905 14786 10768 14734 10373 14854 9978 14854 9686 14700 9583 14666 9565 14666 9548 14666 9531 14666 9428 14717 9084 14872 6474 14872 6165 14786 6045 14751 6028 14751 6010 14751 5993 14751 5890 14786 5633 14872 5375 14803 5014 14700 4997 14700 4980 14700 4963 14700 4722 14820 4654 14854 4619 14820 4499 14700 4379 14700 4362 14683 3537 14683 3520 14683 3503 14683 3486 14683 3434 14700 3348 14872 3366 15078 3366 15249 4499 15232 4688 15249 5220 15352 5238 15352 5839 15249 5924 15249 5959 15249 6148 15352 6165 15352 6182 15352 6955 15267 7590 15335 7608 15335 7625 15335 7642 15335 7745 15249 7796 15215 7882 15249 8054 15335 8071 15335 8088 15335 8638 15249 8758 15249 9256 15249 10304 15284 10321 15284 10338 15284 10355 15284 10390 15249 10493 15198 11077 15249 11094 15078 11042 14786 10905 14786"/></Shape>
	    <String CONTENT="18 Hac spes tenax non opprimitur mora"
                    HPOS="3348"
                    VPOS="14666"
                    WIDTH="7746"
                    HEIGHT="686"></String>
          </TextLine>

          
          
          <TextLine ID="eSc_line_0d16529d"
                    TAGREFS="LT651"
                    BASELINE="4344 15662 9840 15730" 
                    HPOS="4327"
                    VPOS="15232"
                    WIDTH="5513"
                    HEIGHT="653">
            <Shape><Polygon POINTS="4344 15662 4327 15799 5512 15747 5633 15816 5684 15850 5701 15850 5718 15850 5736 15850 6216 15816 6835 15765 7401 15799 8209 15868 8226 15868 8243 15868 8380 15799 8398 15782 8415 15799 8501 15885 8518 15885 8535 15885 8552 15885 8569 15885 8586 15885 8689 15799 9823 15799 9840 15730 9823 15438 9016 15301 8999 15301 8981 15301 8810 15387 8775 15404 8655 15387 8277 15318 8260 15318 8243 15318 8088 15370 8037 15387 8003 15370 7934 15301 7934 15284 7917 15284 7899 15284 7882 15284 7573 15352 7264 15404 5753 15404 5633 15267 5615 15267 5615 15249 5598 15249 5581 15249 5564 15249 5426 15267 4980 15335 4344 15232 4344 15662"/></Shape>
	    <String CONTENT="Eius diei, quam statuit Deus"
                    HPOS="4327"
                    VPOS="15232"
                    WIDTH="5513"
                    HEIGHT="653"></String>
          </TextLine>

          
          
          <TextLine ID="eSc_line_93b0e084"
                    TAGREFS="LT651"
                    BASELINE="4362 16228 10321 16194" 
                    HPOS="4344"
                    VPOS="15782"
                    WIDTH="5977"
                    HEIGHT="635">
            <Shape><Polygon POINTS="4362 16228 4362 16331 7298 16417 7316 16417 7333 16417 7419 16383 7504 16331 8003 16383 8226 16400 8243 16400 8449 16383 9239 16314 10287 16400 10321 16194 10252 15833 9995 15954 8518 15954 8380 15816 8346 15799 8346 15782 8329 15782 8312 15782 7504 15782 7487 15782 7470 15782 7453 15782 7401 15816 7144 15971 6182 15971 5873 15816 5839 15799 5821 15799 5804 15799 4344 15799 4362 16228"/></Shape>
	    <String CONTENT="Promissionẽ implere, ⟦cuus⟧ cuius"
                    HPOS="4344"
                    VPOS="15782"
                    WIDTH="5977"
                    HEIGHT="635"></String>
          </TextLine>

          
          
          <TextLine ID="eSc_line_69c788e0"
                    TAGREFS="LT651"
                    BASELINE="4379 16709 9995 16829" 
                    HPOS="4362"
                    VPOS="16400"
                    WIDTH="5633"
                    HEIGHT="567">
            <Shape><Polygon POINTS="4379 16709 4362 16812 8380 16967 8398 16967 9978 16898 9995 16829 9995 16520 4379 16400 4379 16709"/></Shape>
	    <String CONTENT="Rarus homo ualet esse certus"
                    HPOS="4362"
                    VPOS="16400"
                    WIDTH="5633"
                    HEIGHT="567"></String>
          </TextLine>

          
          
          <TextLine ID="eSc_line_c6941964"
                    TAGREFS="LT651"
                    BASELINE="3331 17087 9119 17276" 
                    HPOS="3314"
                    VPOS="16709"
                    WIDTH="5805"
                    HEIGHT="704">
            <Shape><Polygon POINTS="4619 16726 4602 16726 4585 16726 4379 16795 4327 16812 4293 16795 4224 16726 4224 16709 4207 16709 4190 16709 4173 16709 3486 16744 3348 16898 3331 17087 3314 17242 3829 17190 4053 17276 4104 17293 4121 17293 4138 17293 4465 17276 5409 17242 5907 17310 6474 17379 6491 17379 6508 17379 6646 17310 6697 17293 6903 17327 7539 17413 7556 17413 9102 17345 9119 17276 9119 17001 8483 17001 8415 16967 8123 16847 8106 16847 8088 16847 7711 16932 7539 16967 6646 16932 6577 16881 6405 16778 6388 16778 6371 16778 6354 16778 6337 16778 6096 16864 6010 16898 5924 16864 5787 16795 5770 16795 5753 16795 5736 16795 5718 16795 5667 16847 5581 16898 4997 16898 4843 16812 4636 16726 4619 16726"/></Shape>
	    <String CONTENT="19 Ille ille nouit tempus idoneũ"
                    HPOS="3314"
                    VPOS="16709"
                    WIDTH="5805"
                    HEIGHT="704"></String>
          </TextLine>

          
          
          <TextLine ID="eSc_line_f3e93eaf"
                    TAGREFS="LT651"
                    BASELINE="4344 17533 8363 17722 10252 17671" 
                    HPOS="4327"
                    VPOS="17121"
                    WIDTH="5925"
                    HEIGHT="773">
            <Shape><Polygon POINTS="8294 17259 8123 17259 8054 17242 8037 17259 7711 17362 7178 17259 6886 17207 6749 17207 6577 17207 6474 17259 6337 17310 5873 17310 5770 17242 5650 17173 5547 17173 5375 17156 5203 17156 5031 17156 4980 17138 4774 17242 4757 17242 4499 17121 4396 17121 4396 17138 4344 17190 4344 17533 4327 17688 6131 17688 10218 17894 10252 17671 10201 17293 9239 17413 8621 17396 8346 17276 8294 17259 8294 17259"/></Shape>
	    <String CONTENT="Nos liberandi⟦t⟧ quolibet a malo"
                    HPOS="4327"
                    VPOS="17121"
                    WIDTH="5925"
                    HEIGHT="773"></String>
          </TextLine>

          
          
          <TextLine ID="eSc_line_e00336ab"
                    TAGREFS="LT651"
                    BASELINE="4344 18049 6302 18083 9943 18272" 
                    HPOS="4327"
                    VPOS="17671"
                    WIDTH="5616"
                    HEIGHT="755">
            <Shape><Polygon POINTS="4362 17860 4344 18049 4327 18169 9909 18426 9943 18272 9926 17877 9239 17911 9136 17843 9084 17791 9067 17791 9050 17791 7934 17740 7917 17740 7899 17740 7745 17808 7625 17843 7487 17791 7247 17705 7230 17705 7213 17705 6732 17774 6543 17791 6371 17757 5959 17671 5942 17671 5924 17671 5907 17671 5839 17740 5804 17757 4430 17705 4362 17860"/></Shape>
	    <String CONTENT="Et non sinit plus ferre nostrę"
                    HPOS="4327"
                    VPOS="17671"
                    WIDTH="5616"
                    HEIGHT="755"></String>
          </TextLine>

          
          
          <TextLine ID="eSc_line_fafbf2a9"
                    TAGREFS="LT651"
                    BASELINE="4396 18478 10252 18718" 
                    HPOS="4396"
                    VPOS="18117"
                    WIDTH="5856"
                    HEIGHT="739">
            <Shape><Polygon POINTS="4396 18409 4396 18478 4396 18684 4654 18615 4894 18701 4946 18718 4963 18718 4980 18718 4997 18718 5031 18701 5220 18615 5804 18736 6062 18770 6079 18770 6526 18753 7298 18701 7676 18787 7985 18839 8003 18856 10235 18856 10252 18718 10252 18323 9703 18306 9686 18306 9668 18306 9445 18409 8621 18392 8346 18289 8209 18238 8191 18238 8174 18238 7333 18272 6543 18289 6508 18255 6474 18203 6457 18203 6457 18186 6440 18186 6423 18186 6405 18186 6388 18186 6371 18186 6302 18238 6268 18272 6182 18238 5993 18186 5976 18186 5959 18186 5495 18238 5392 18238 5375 18238 5306 18135 5289 18135 5289 18117 5272 18117 5255 18117 5238 18117 4499 18203 4396 18409"/></Shape>
	    <String CONTENT="Quam poterũt tolerare uires"
                    HPOS="4396"
                    VPOS="18117"
                    WIDTH="5856"
                    HEIGHT="739"></String>
          </TextLine>

          
        </TextBlock>
        
        <TextBlock HPOS="10386"
                   VPOS="10283"
                   WIDTH="2604"
                   HEIGHT="642"
                   ID="eSc_textblock_c5dd900f"
                   TAGREFS="BT1692">
          <Shape><Polygon POINTS="10386 10283 10386 10925 12990 10925 12990 10283"/></Shape>
          
          
          <TextLine ID="eSc_line_9c4d2c7b"
                    TAGREFS="LT651"
                    BASELINE="10407 10716 12622 10819" 
                    HPOS="10390"
                    VPOS="10149"
                    WIDTH="2232"
                    HEIGHT="910">
            <Shape><Polygon POINTS="12519 10458 12159 10372 12141 10372 12004 10389 11695 10424 11472 10304 11437 10286 11420 10286 11403 10286 11386 10286 11369 10286 11214 10372 11094 10252 11059 10218 11059 10200 11042 10200 11025 10200 10407 10149 10407 10716 10390 10870 11145 11059 11163 11059 12605 10973 12622 10819 12588 10681 12519 10458"/></Shape>
	    <String CONTENT="Sit specie tenus"
                    HPOS="10390"
                    VPOS="10149"
                    WIDTH="2232"
                    HEIGHT="910"></String>
          </TextLine>

          
        </TextBlock>
        

        
      </PrintSpace>
    </Page>
  </Layout>
</alto>
