<?xml version="1.0" encoding="UTF-8"?>
<alto xmlns:xsi="http://www.w3.org/2001/XMLSchema-instance"
      xmlns="http://www.loc.gov/standards/alto/ns-v4#"
      xsi:schemaLocation="http://www.loc.gov/standards/alto/ns-v4# http://www.loc.gov/standards/alto/v4/alto-4-2.xsd">
  <Description>
    <MeasurementUnit>pixel</MeasurementUnit>
    <sourceImageInformation>
      <fileName>Herbarum_1530.jpg</fileName>
      
    </sourceImageInformation>
  </Description>
  
  <Tags>
    <OtherTag ID="BT1496" LABEL="MainZone" DESCRIPTION="block type MainZone"/><OtherTag ID="BT1495" LABEL="GraphicZone" DESCRIPTION="block type GraphicZone"/>
    <OtherTag ID="LT553" LABEL="DefaultLine" DESCRIPTION="line type DefaultLine"/><OtherTag ID="LT554" LABEL="HeadingLine" DESCRIPTION="line type HeadingLine"/><OtherTag ID="LT577" LABEL="CustomLine" DESCRIPTION="line type CustomLine"/>
  </Tags>
  
  <Layout>
    <Page WIDTH="597"
          HEIGHT="993"
          PHYSICAL_IMG_NR="0"
          ID="eSc_dummypage_">
      <PrintSpace HPOS="0"
                  VPOS="0"
                  WIDTH="597"
                  HEIGHT="993">
        
        <TextBlock HPOS="56"
                   VPOS="244"
                   WIDTH="333"
                   HEIGHT="430"
                   ID="eSc_textblock_d2a45ea0"
                   TAGREFS="BT1496">
          <Shape><Polygon POINTS="356 248 346 268 352 290 319 314 322 356 340 370 382 370 389 386 375 393 372 442 356 450 362 489 323 492 309 509 309 548 372 572 372 588 329 605 349 638 329 671 105 674 72 654 76 370 72 297 56 278 115 271 112 248 198 244"/></Shape>
          
          
          <TextLine ID="eSc_line_57431927"
                    TAGREFS="LT554"
                    BASELINE="111 262 355 259" 
                    HPOS="111"
                    VPOS="244"
                    WIDTH="244"
                    HEIGHT="22">
            <Shape><Polygon POINTS="342 247 334 247 326 247 317 246 309 246 301 246 293 246 284 245 276 245 268 245 259 244 251 244 243 244 235 244 177 244 168 244 160 245 152 245 144 246 135 246 127 247 119 247 115 250 111 262 111 266 355 263 355 259 351 254 351 255"/></Shape>
	    <String CONTENT="IOANN. SAPIDVS Lectori S."
                    HPOS="111"
                    VPOS="244"
                    WIDTH="244"
                    HEIGHT="22"></String>
          </TextLine>

          
          
          <TextLine ID="eSc_line_0b3af365"
                    TAGREFS="LT577"
                    BASELINE="58 291 348 287" 
                    HPOS="58"
                    VPOS="263"
                    WIDTH="290"
                    HEIGHT="34">
            <Shape><Polygon POINTS="343 270 326 263 325 263 277 263 276 263 275 263 254 272 202 264 202 264 201 264 200 264 187 273 144 268 144 268 143 268 142 268 142 268 137 273 124 273 114 273 107 270 107 271 99 272 91 273 82 274 74 275 66 289 62 285 58 291 58 297 348 296 348 287 347 280 343 270"/></Shape>
	    <String CONTENT="Qui cupis ingenitas Herbarum noſcere uires,"
                    HPOS="58"
                    VPOS="263"
                    WIDTH="290"
                    HEIGHT="34"></String>
          </TextLine>

          
          
          <TextLine ID="eSc_line_2f25c7cf"
                    TAGREFS="LT577"
                    BASELINE="89 307 314 304" 
                    HPOS="88"
                    VPOS="291"
                    WIDTH="226"
                    HEIGHT="20">
            <Shape><Polygon POINTS="89 307 89 311 313 311 314 304 312 291 88 292 89 307"/></Shape>
	    <String CONTENT="Scireque diuerſis nomina nota plagis,"
                    HPOS="88"
                    VPOS="291"
                    WIDTH="226"
                    HEIGHT="20"></String>
          </TextLine>

          
          
          <TextLine ID="eSc_line_8b902530"
                    TAGREFS="LT577"
                    BASELINE="75 324 315 321" 
                    HPOS="74"
                    VPOS="304"
                    WIDTH="241"
                    HEIGHT="26">
            <Shape><Polygon POINTS="298 305 289 305 281 305 273 305 270 305 269 306 233 305 231 306 223 306 215 306 207 306 198 306 190 306 182 306 173 306 165 306 157 307 149 307 140 307 132 307 129 307 120 309 117 307 115 307 107 307 99 307 91 307 89 304 74 304 75 324 75 330 315 324 315 321 313 307 301 305 298 305"/></Shape>
	    <String CONTENT="Quæque ſit unius facies cuiuſque doceri,"
                    HPOS="74"
                    VPOS="304"
                    WIDTH="241"
                    HEIGHT="26"></String>
          </TextLine>

          
          
          <TextLine ID="eSc_line_2bd4dd5d"
                    TAGREFS="LT577"
                    BASELINE="89 339 297 336" 
                    HPOS="88"
                    VPOS="323"
                    WIDTH="209"
                    HEIGHT="21">
            <Shape><Polygon POINTS="129 324 121 324 113 324 105 324 96 324 88 324 89 339 89 344 296 341 297 336 294 323 131 323 129 324"/></Shape>
	    <String CONTENT="Hoc lecto uoti codice compos eris."
                    HPOS="88"
                    VPOS="323"
                    WIDTH="209"
                    HEIGHT="21"></String>
          </TextLine>

          
          
          <TextLine ID="eSc_line_773d0f3f"
                    TAGREFS="LT577"
                    BASELINE="74 354 316 352" 
                    HPOS="73"
                    VPOS="334"
                    WIDTH="243"
                    HEIGHT="29">
            <Shape><Polygon POINTS="297 336 288 337 280 337 272 337 264 337 255 337 247 337 239 337 233 337 228 337 222 338 214 338 212 338 153 340 120 339 115 339 106 339 98 339 90 339 88 336 73 336 74 354 74 363 315 358 316 352 313 334 298 334 297 336"/></Shape>
	    <String CONTENT="Nulla quidem retro uiderunt ſæcula tradi"
                    HPOS="73"
                    VPOS="334"
                    WIDTH="243"
                    HEIGHT="29"></String>
          </TextLine>

          
          
          <TextLine ID="eSc_line_523ce322"
                    TAGREFS="LT577"
                    BASELINE="88 372 299 369" 
                    HPOS="87"
                    VPOS="354"
                    WIDTH="212"
                    HEIGHT="23">
            <Shape><Polygon POINTS="88 372 88 377 298 374 299 369 297 354 87 354 88 372"/></Shape>
	    <String CONTENT="Id ſcripti tanta commoditate genus."
                    HPOS="87"
                    VPOS="354"
                    WIDTH="212"
                    HEIGHT="23"></String>
          </TextLine>

          
          
          <TextLine ID="eSc_line_76e181ac"
                    TAGREFS="LT577"
                    BASELINE="74 386 198 388 385 383" 
                    HPOS="74"
                    VPOS="365"
                    WIDTH="311"
                    HEIGHT="28">
            <Shape><Polygon POINTS="380 370 371 370 363 370 355 370 346 370 338 369 332 365 331 365 330 365 329 365 328 365 328 366 324 369 298 365 297 370 288 370 280 370 272 370 269 370 262 372 104 373 99 372 98 372 90 372 89 370 76 368 74 374 74 386 74 393 385 392 385 383 385 381 380 370"/></Shape>
	    <String CONTENT="Quando Ottho uelut in quendã Brunfelſius hortum,"
                    HPOS="74"
                    VPOS="365"
                    WIDTH="311"
                    HEIGHT="28"></String>
          </TextLine>

          
          
          <TextLine ID="eSc_line_e199050f"
                    TAGREFS="LT577"
                    BASELINE="89 404 303 402" 
                    HPOS="88"
                    VPOS="386"
                    WIDTH="215"
                    HEIGHT="23">
            <Shape><Polygon POINTS="287 387 279 387 270 387 262 387 254 388 245 388 237 388 229 388 221 388 212 388 204 388 196 388 187 388 179 388 173 388 88 389 89 404 89 409 303 407 303 402 301 386 293 386 287 387"/></Shape>
	    <String CONTENT="Huc culta ex uario ſemina rure tulit."
                    HPOS="88"
                    VPOS="386"
                    WIDTH="215"
                    HEIGHT="23"></String>
          </TextLine>

          
          
          <TextLine ID="eSc_line_9346fba3"
                    TAGREFS="LT577"
                    BASELINE="74 419 174 422 373 416" 
                    HPOS="73"
                    VPOS="396"
                    WIDTH="300"
                    HEIGHT="31">
            <Shape><Polygon POINTS="371 412 368 402 348 396 347 396 346 396 306 397 305 397 304 397 298 402 297 402 297 403 296 403 295 404 275 403 272 403 264 403 255 403 247 403 239 403 231 403 222 403 214 403 206 403 202 403 163 407 99 407 95 404 90 404 88 401 73 401 74 419 74 427 373 423 373 416 372 403 371 402 371 412"/></Shape>
	    <String CONTENT="Quorum uim, pariter docet medicaminis uſum,"
                    HPOS="73"
                    VPOS="396"
                    WIDTH="300"
                    HEIGHT="31"></String>
          </TextLine>

          
          
          <TextLine ID="eSc_line_491a35a9"
                    TAGREFS="LT577"
                    BASELINE="91 437 369 434" 
                    HPOS="90"
                    VPOS="417"
                    WIDTH="279"
                    HEIGHT="25">
            <Shape><Polygon POINTS="313 418 305 418 297 418 296 418 294 421 294 422 197 422 189 422 181 422 173 422 164 422 156 422 148 422 90 422 91 437 91 442 368 440 369 434 367 421 318 417 313 418"/></Shape>
	    <String CONTENT="Tam bene, ut haud melius facta pericla queant,"
                    HPOS="90"
                    VPOS="417"
                    WIDTH="279"
                    HEIGHT="25"></String>
          </TextLine>

          
          
          <TextLine ID="eSc_line_42dcbee4"
                    TAGREFS="LT577"
                    BASELINE="72 452 341 452" 
                    HPOS="72"
                    VPOS="434"
                    WIDTH="269"
                    HEIGHT="26">
            <Shape><Polygon POINTS="72 452 72 460 341 460 341 452 341 437 102 438 72 434 72 452"/></Shape>
	    <String CONTENT="Sic rerum præcepta modo breuitate coarctat,"
                    HPOS="72"
                    VPOS="434"
                    WIDTH="269"
                    HEIGHT="26"></String>
          </TextLine>

          
          
          <TextLine ID="eSc_line_a53b2120"
                    TAGREFS="LT577"
                    BASELINE="87 470 305 467" 
                    HPOS="86"
                    VPOS="453"
                    WIDTH="219"
                    HEIGHT="25">
            <Shape><Polygon POINTS="87 470 87 478 304 471 305 467 303 454 86 453 87 470"/></Shape>
	    <String CONTENT="Ne ſint inuiſæ prodiga uerba moræ."
                    HPOS="86"
                    VPOS="453"
                    WIDTH="219"
                    HEIGHT="25"></String>
          </TextLine>

          
          
          <TextLine ID="eSc_line_30cb0afa"
                    TAGREFS="LT577"
                    BASELINE="72 485 357 483" 
                    HPOS="71"
                    VPOS="464"
                    WIDTH="286"
                    HEIGHT="28">
            <Shape><Polygon POINTS="303 468 295 468 259 470 230 469 228 469 220 469 211 469 203 469 195 470 187 470 178 470 170 470 162 470 154 470 153 470 122 471 120 470 112 470 104 470 96 470 91 470 87 470 86 470 71 466 72 485 72 492 357 490 357 483 355 464 303 467 303 468"/></Shape>
	    <String CONTENT="Rurſum ambage modo licita ſermonis abundat,"
                    HPOS="71"
                    VPOS="464"
                    WIDTH="286"
                    HEIGHT="28"></String>
          </TextLine>

          
          
          <TextLine ID="eSc_line_c14aaf1e"
                    TAGREFS="LT577"
                    BASELINE="88 503 279 500" 
                    HPOS="87"
                    VPOS="485"
                    WIDTH="192"
                    HEIGHT="23">
            <Shape><Polygon POINTS="88 503 88 508 279 508 279 500 278 486 87 485 88 503"/></Shape>
	    <String CONTENT="Ne careat ſenſu dictio parca ſuo."
                    HPOS="87"
                    VPOS="485"
                    WIDTH="192"
                    HEIGHT="23"></String>
          </TextLine>

          
          
          <TextLine ID="eSc_line_b059ab9f"
                    TAGREFS="LT577"
                    BASELINE="72 519 303 516" 
                    HPOS="72"
                    VPOS="500"
                    WIDTH="231"
                    HEIGHT="23">
            <Shape><Polygon POINTS="279 501 270 501 262 501 261 501 231 501 229 502 222 502 105 504 98 503 96 503 88 503 87 502 72 500 72 501 72 519 72 523 303 521 303 516 301 500 279 500 279 501"/></Shape>
	    <String CONTENT="Nunc &amp; Iöannes pictor Guidictius ille"
                    HPOS="72"
                    VPOS="500"
                    WIDTH="231"
                    HEIGHT="23"></String>
          </TextLine>

          
          
          <TextLine ID="eSc_line_641351bf"
                    TAGREFS="LT577"
                    BASELINE="89 536 306 534" 
                    HPOS="88"
                    VPOS="518"
                    WIDTH="218"
                    HEIGHT="24">
            <Shape><Polygon POINTS="121 519 113 519 105 519 96 519 88 519 89 536 89 540 304 542 306 534 304 520 126 518 121 519"/></Shape>
	    <String CONTENT="Clarus Apellęo non minus ingenio,"
                    HPOS="88"
                    VPOS="518"
                    WIDTH="218"
                    HEIGHT="24"></String>
          </TextLine>

          
          
          <TextLine ID="eSc_line_2ccf1c73"
                    TAGREFS="LT577"
                    BASELINE="72 551 298 550" 
                    HPOS="71"
                    VPOS="534"
                    WIDTH="227"
                    HEIGHT="22">
            <Shape><Polygon POINTS="253 535 245 535 238 535 234 536 230 537 177 536 170 536 162 536 154 536 145 536 137 536 129 536 120 536 112 536 104 536 96 536 95 534 73 534 71 540 72 551 72 556 298 554 298 550 296 537 259 537 259 537 257 535 253 535"/></Shape>
	    <String CONTENT="Reddidit adfabras acri ſic arte figuras,"
                    HPOS="71"
                    VPOS="534"
                    WIDTH="227"
                    HEIGHT="22"></String>
          </TextLine>

          
          
          <TextLine ID="eSc_line_1d78adfc"
                    TAGREFS="LT577"
                    BASELINE="88 569 328 565" 
                    HPOS="87"
                    VPOS="551"
                    WIDTH="241"
                    HEIGHT="23">
            <Shape><Polygon POINTS="319 552 317 551 87 551 88 569 88 574 327 570 328 565 327 555 319 552"/></Shape>
	    <String CONTENT="Vt non nemo Herbas dixerit eſſe meras."
                    HPOS="87"
                    VPOS="551"
                    WIDTH="241"
                    HEIGHT="23"></String>
          </TextLine>

          
          
          <TextLine ID="eSc_line_ad6e6703"
                    TAGREFS="LT577"
                    BASELINE="74 585 370 583" 
                    HPOS="73"
                    VPOS="563"
                    WIDTH="297"
                    HEIGHT="31">
            <Shape><Polygon POINTS="355 566 348 563 322 565 322 566 319 566 288 568 269 569 267 567 265 566 264 566 255 566 247 566 239 566 231 567 222 567 219 567 167 570 136 568 131 569 123 569 115 569 106 569 98 569 90 569 88 566 73 566 74 585 74 590 143 594 144 594 168 590 178 589 184 590 190 593 191 593 192 594 192 593 192 593 198 590 204 589 251 591 278 592 279 592 279 592 280 592 281 591 285 588 298 591 305 593 306 593 307 593 370 591 370 583 363 569 355 566"/></Shape>
	    <String CONTENT="Quantus Iöannis SCHOTTI ſumptuſ, labor,"
                    HPOS="73"
                    VPOS="563"
                    WIDTH="297"
                    HEIGHT="31"></String>
          </TextLine>

          
          
          <TextLine ID="eSc_line_2dda301d"
                    TAGREFS="LT577"
                    BASELINE="89 600 311 599" 
                    HPOS="88"
                    VPOS="585"
                    WIDTH="223"
                    HEIGHT="20">
            <Shape><Polygon POINTS="262 585 254 585 245 585 237 585 229 585 221 585 212 585 204 585 199 585 197 586 197 587 88 587 89 600 89 605 310 604 311 599 309 586 267 585 262 585"/></Shape>
	    <String CONTENT="Et ſtudium, &amp; fuerit cura, uidere licet,"
                    HPOS="88"
                    VPOS="585"
                    WIDTH="223"
                    HEIGHT="20"></String>
          </TextLine>

          
          
          <TextLine ID="eSc_line_caa7d47e"
                    TAGREFS="LT577"
                    BASELINE="73 617 323 615" 
                    HPOS="72"
                    VPOS="598"
                    WIDTH="251"
                    HEIGHT="24">
            <Shape><Polygon POINTS="304 599 296 599 288 599 279 599 271 599 268 599 223 601 180 603 99 600 97 600 89 600 88 599 72 599 73 617 73 622 322 620 323 615 322 602 315 598 314 598 313 598 312 598 304 598 304 599"/></Shape>
	    <String CONTENT="Dum, calamis æreis, inuento fretus Auito,"
                    HPOS="72"
                    VPOS="598"
                    WIDTH="251"
                    HEIGHT="24"></String>
          </TextLine>

          
          
          <TextLine ID="eSc_line_05dd951c"
                    TAGREFS="LT577"
                    BASELINE="90 634 332 631" 
                    HPOS="89"
                    VPOS="618"
                    WIDTH="243"
                    HEIGHT="24">
            <Shape><Polygon POINTS="90 634 90 642 332 637 332 631 331 618 89 618 90 634"/></Shape>
	    <String CONTENT="Hoc magna dignum laude parauit opus."
                    HPOS="89"
                    VPOS="618"
                    WIDTH="243"
                    HEIGHT="24"></String>
          </TextLine>

          
          
          <TextLine ID="eSc_line_ce99cee7"
                    TAGREFS="LT577"
                    BASELINE="74 650 346 647" 
                    HPOS="73"
                    VPOS="630"
                    WIDTH="273"
                    HEIGHT="28">
            <Shape><Polygon POINTS="341 633 334 630 333 630 331 630 330 632 322 632 313 632 305 632 304 632 301 634 298 632 297 632 288 632 287 632 277 634 276 634 271 632 264 633 259 633 256 634 251 636 149 633 148 634 139 634 131 634 123 634 115 634 106 634 98 634 90 634 89 633 73 633 74 650 74 657 240 658 241 658 346 652 346 647 345 642 341 633"/></Shape>
	    <String CONTENT="Ergo age te, quiſquis medico uerſaris in Albo,"
                    HPOS="73"
                    VPOS="630"
                    WIDTH="273"
                    HEIGHT="28"></String>
          </TextLine>

          
          
          <TextLine ID="eSc_line_962b42ad"
                    TAGREFS="LT577"
                    BASELINE="90 668 337 664" 
                    HPOS="90"
                    VPOS="652"
                    WIDTH="247"
                    HEIGHT="29">
            <Shape><Polygon POINTS="331 652 96 652 91 660 90 668 90 676 187 681 187 681 188 681 213 675 263 680 264 680 337 671 337 664 335 657 331 652"/></Shape>
	    <String CONTENT="Hoc operæ precium eſt nolle carere libro."
                    HPOS="90"
                    VPOS="652"
                    WIDTH="247"
                    HEIGHT="29"></String>
          </TextLine>

          
        </TextBlock>
        
        <TextBlock HPOS="70"
                   VPOS="178"
                   WIDTH="308"
                   HEIGHT="60"
                   ID="eSc_textblock_b222087a"
                   TAGREFS="BT1495">
          <Shape><Polygon POINTS="70 178 70 238 378 238 378 178"/></Shape>
          
        </TextBlock>
        
        <TextBlock HPOS="61"
                   VPOS="680"
                   WIDTH="307"
                   HEIGHT="55"
                   ID="eSc_textblock_b90b126f"
                   TAGREFS="BT1495">
          <Shape><Polygon POINTS="61 680 61 735 368 735 368 680"/></Shape>
          
        </TextBlock>
        

        
      </PrintSpace>
    </Page>
  </Layout>
</alto>
