1706 2358
412 88 743 90 SELESTADENSIS.

271 163 515 84 Si ſtat corona cingitis.

204 239 994 110 Si genio ad menſam indulget, gaudetis & ipſi

279 322 591 88 Conuiuio hoc liberrimo.

202 398 1101 108 Adde quod ingenium, grauitas, facundia, candor,

275 481 564 90 Honos, decus, modeſtia,

216 571 1073 79 Tot blandę veneres, charites, tot caſti & amores.

269 642 566 90 Et mille uirtutũ agmina,

212 719 982 98 A pede quæ certant imo componere totum

286 803 671 79 Supremum ad uſ uerticem.

216 874 1030 102 Ceu quod uerſicolor gemmis auro coruſcat

286 960 618 85 Diadema ſignis aſperum.

241 1037 936 92 Quam uos alliciãt, rapiant, faciant ſtupere

290 1112 698 82 Quibus iſta diſtrahant modis.

243 1192 995 89 Qualem Anchiſiadem radiantia dona labores

298 1271 568 90 Viui manus Vulcaniæ.

222 1346 1041 102 Latona ut Triuia, ſic Phœbus gaudet Eraſmo,

300 1424 604 87 Vos inter adſtans neſcius,

227 1505 934 92 Digna die ſpreta o conſortia adire uadatis

302 1581 570 97 Quæ dijs ſimul cõmunia

227 1662 1162 100 Hic ſyncerus amor, procul hinc proculatra ſimultas,

320 1740 534 87 Tanta eſt Eraſmi gratia

235 1831 1005 92 Aſt maiora cano, nullumcp audita per æuum,

314 1896 527 125 Toti decus Germaniæ.
