1653 2354
310 70 697 106 SELESTADIENSIS.

157 154 889 93 Sed pereo nimium dum placuiſſe uolo.

72 239 994 90 Me, mihi per quem potui ſperare ſalutem,

159 323 948 92 Quod fuimus ſimiles pectore & ore, necat,

72 396 958 94 Eſt & ab, interitus occaſio ſumpta, racemo,

151 478 926 94 Hunc ego, nõ pullos quos tum ille uorat.

70 559 1072 86 Lector abi, uulpis malo procul effuge uulpes,

157 641 826 94 Quas ne cognoſcas pellis ouina tegit.

298 716 671 88 IN OBtrectantem Eraſmo.

70 794 1160 92 Inuide Grammaticum prȩgnantem dicis Eraſmum,

147 865 1058 96 Ceu grauidus properet gignere Grammaticos.

70 949 1062 90 Non hic Grammaticos, ſed tu paris, haud tñ ille

147 1029 972 91 Grammmaticen tractat, tu tamen uſ male.

70 1102 997 96 Grammatici nomen non aures radit Eraſmi,

143 1184 852 93 Offendo, ſi te dixero Grammaticum.

68 1265 1092 96 At licet tot Grammaticos, ſine pectore gignas,

141 1343 1011 89 Non tamen es dignus nomine Grammatici.

90 1422 1034 96 Tu res gigne tuas, ſummas, ſine gignat Eraſmus

147 1500 875 83 Non curat triptas, qui gerit arma Iouis.

294 1581 536 96 DE IOANne Marco

410 1663 347 86 Equite aurato.

66 1734 984 90 Hoſtica Ioanni poſtquam uiolentia Marco

182 1812 878 94 Vulnifico geminas abſtulit enſe manus,

62 1891 874 104 Heus, ait, uxori facinus crudele dolenti,

1073 1983 44 66 c
