1686 2359
344 131 989 91 En mars ueſter erit, quo dicto, facta ſequuta.

419 210 881 92 Mars monachus tanta flagrat Acydalia.

340 288 972 95 Dum ſui furtim fructu potiuntur amoris

411 371 877 90 Deprenſos, ſtricto Lemnius enſe, petit.

346 450 1017 82 Sed tamen infandum facinus pia cura deorum

417 528 757 93 Depulit, antiquis auxiliata modis.

338 607 986 84 In lupam predȩ cupidam mutata puella eſt,

419 684 1011 94 Quam rapuit Monachus factus & ipſe lupus.

338 762 1037 95 It faber in uolucrem Maij quæ tempore menſis

417 847 847 88 Vninuocos rauco fundit ab ore ſonos,

517 918 749 78 DE DIVite ſacrifico moriente.

334 1000 1139 94 Nuncius horrẽdum iamiam properabit ad Orcum,

409 1081 846 82 Quo tibi non ullus certior eſſe poteſt.

330 1157 1078 97 Si quid habes ſcelerum Stygio mandare tyranno,

401 1236 840 92 Hoc age rem, fidus crede miniſter erit.

330 1317 956 94 Aſt opus eſt alio, tibi qui mandata reportet,

399 1393 903 85 Hic ſemel hoc menſus, non remeabit iter.

546 1472 687 96 EPITAphium Petri Dieleri

794 1556 185 69 medici.

326 1627 996 87 En recubat Petrus medicæ doctiſſimus artis

395 1710 952 86 Hac, præmatura morte peremptus, humo.

356 1779 1013 104 Quam toties ſtrauit, ſed aperto Marte petitam,

395 1861 704 124 Sternitur incautus illius inſidijs.

419 55 1019 90 EPIGRAMMATA. IO. SAPIDI
