1695 2347
422 62 1014 96 EPIGRAMMATA IO. SAPIDI

348 140 810 104 Claudus deus Zelotypus Zelotypæ

348 224 593 94 Conqueſtus eſt Saturniæ,

354 303 886 88 Thori malo querens modum, cui retulit

352 379 669 100 Tibi quod Venus, mi lupiter.

638 465 530 82 IN MAriam uiduam.

369 533 1085 106 Quod Mariæ non ora madent pro coniugis urna,

420 616 997 93 Cum tamen huic primo nupſerit, at recens,

346 694 982 96 Sat tumulum putat eſſe ſacra luſtrarier unda,

418 776 854 96 Et durum inuitas cogere lachrymulas.

348 856 1037 98 Nam magno niſi prorumpunt urgente dolore,

420 930 881 88 Materiam fletus non habet illa bonam.

385 1005 1063 107 Quem, modo neglectum, ſi congeminauerit olim,

420 1089 826 88 Certior eſt uiuum facta redire uirum.

669 1167 346 92 IN EAndem.

342 1247 1094 100 Ambiguũ eſt, Mariæ cur non liquor extet ocellis,

416 1328 748 93 Soluit ut amiſſo triſtia iuſta uiro.

346 1402 936 96 Sed prius arenti fundet ſe pumice Rhenus,

412 1484 870 98 Quam ſtet in illius gutta uel una genis.

344 1560 1030 94 Hi fontem lachrymis credunt ſiccaſſe dolorem,

420 1640 869 94 At dolor hoc tantus non patet iudicio.

346 1709 1086 113 Sunt quibus iſte dolor, potius dolus eſſe uidetur.

418 1793 834 92 At dolus in fictis occulitur lachrymis.

344 1861 1141 131 Sit dolor hijs, alijſ dolus, certe mihi monſtrum est,
