1691 2348
432 78 1026 86 EPIGRAMMATA IO. SAPIDI

393 152 953 92 Qui cecinit mures ranis pugnaſſe poeta eſt,

436 232 926 90 Nunc ſit qui in ranas, Athidas iſſe, canat.

606 316 726 102 DE QVodã magiſtro noſtro.

383 405 1104 125 Quidã MAGISTER NOSTER in conuiuio

377 506 854 86 Mixtus bonis uiris, ut anſer oloribus.

375 587 820 88 A lege tractum nuper Hebręum ſua,

375 665 801 82 Ad Chriſtianos, increpauit acriter,

377 735 809 92 Quod non ſuilla uictitaret, hinc ſatis

375 817 744 88 Conſtare certa pectoris ueſtigia,

375 898 805 78 Erroribus adhuc fęculenti priſtinis,

369 972 852 92 Chriſtum clam faſtidientis aſcitum.

369 1054 770 86 Mox ille ſubridens ait, uir optime

365 1136 1095 90 Bona uerba, nam qui me, rudem Chriſti, imbuit,

369 1209 852 86 Non hũc, ſuum latere, dixit, carnibus.

365 1283 785 102 Ergo ſimul corona conuiuentium,

365 1367 727 92 Fatigat ora intemperatis riſibus

365 1445 783 85 Vnus Magiſter uultuoſus indolet

377 1522 934 94 Telum retortum in ſe, reſponſo tam graui,

360 1602 816 90 Factum uanæ ſemet anſam fabulæ,

360 1684 826 88 Primas ſibi qui ſomniabat omnium.

365 1762 678 85 Sed de ſuilla ſat iocati, ne ſuum

364 1841 1045 156 Nos more tactet grex Magiſtrorum, ut ſolet.
