1686 2356
337 62 696 116 SELESTADIENSIS.

170 155 745 98 Inſinuor teneræ, ſubripiorcy cuti.

106 239 943 98 Magna mei tangunt innuptas uota puellas,

167 320 837 98 Fœmina me magno nulla carere uelit.

188 404 890 90 IN Quandam Monacham iuſticiariã

88 553 906 100 Vna puellarum, uitæ quas ſanctio muris

387 477 546 94 Ad Paulum Volzium.

170 634 881 94 Arcet, ut horribiles ferrea clauſtra feras.

86 708 894 100 Decubuit ſtratis, auræ correpta ueneno,

163 791 811 94 Ac ubi ſpes reducis nulla ſalutis erat.

88 867 880 96 Articulum ſibi perſuaſit pręnoſcere fati.

165 950 790 96 Acceptum meritis ſe referente ſuis.

84 1028 986 91 En ait en mittet membrorum mole ſolutam,

163 1101 988 106 Hac nocte, ad ſuperos me decima hora lares.

84 1183 894 97 Stulta ſui uates, dicta redeunte ter hora,

167 1266 825 86 Vix tandem media mortua luce fuit.

84 1337 1040 102 Nunc age qui ſolos ſanctam uos ducere uitam

143 1413 696 94 Erratis, propriæ fidite iuſticiæ

88 1494 943 98 Nitimini cultu, uictu, prece, ueſtibus, odis,

168 1574 875 104 Vir bonus æthereo pendet ab arbitrio.

418 1645 364 86 IN Ædituum.

88 1731 982 94 Dignus es octo dies menſa prandere canina,

145 1808 894 106 Vel canibus ſcindi corpora uindicibus.

90 1882 902 118 Vel mage Cerbereis fias ut rictibus eſca,

1055 1961 88 94 e ij
