1694 2344
515 183 952 78 IACOBVS SPIEGEL RO. RE

581 252 854 77 giæ & catholicæ Maieſtatis ſecretarius

663 319 748 72 Chuonrado Peutingero eiuſdem

685 373 569 93 Cõſiliario S. D. P.

443 500 1158 79 NE MIreris Peutingere eruditiſſime ſub nomine

445 571 1157 77 tuo erudita hæc Sapidi noſtri Epigrammata prodi¬

441 638 1160 73 re in lucem. Soleo enim, quia meopte ingenio ne¬

444 704 1160 73 queo rem literariam iuuare alienis ſaltem lucubratiu

445 761 1162 76 culis dedicandis operam dare, tam & ſi non ignoro id

448 825 1158 73 officij uelut infame a magnis improbari. Porro hæc

454 890 1152 72 protruſa uerius, quam emiſſa accœperis. Siquidem

449 954 1158 73 tam laudis quamuis promeritȩ negligens eſt noſter

449 1014 1157 78 Sapidus. ut, niſi (crede mihi) quadã ego ipſe pro ue¬

457 1083 1156 66 teri in eum iure autoritatula uſus eſſem, hos omnium

465 1142 1149 70 horarũ luſus poſteritas olim deſyderaſſet. Ita a me

453 1201 1154 75 ſeruatos, tibi nuncupo, non ſecus legendos offerens,

457 1268 1156 68 at uelut quoddam futurorum Sapidicorum laborũ

467 1326 1142 76 prȩguſtamẽtũ, quẽ nõ ſolũ apud hoc noſtrũ Sletſta¬

457 1392 1150 73 dienſe ſodalitium, ſed & apud omnem reipub. litera¬

458 1461 1153 63 riȩ cateruam, cum uitæ integritas, tum remotior eru¬

463 1519 1150 69 ditio iamdudum gratum fȩcere. Vale, cum Oecolam

466 1579 1148 100 padio, Adelmannis noſtris, Seleſtadij, Prima Apri

462 1640 360 106 lis. M. D. xx.
