1704 2355
412 86 720 86 SELESTADIENSIS.

290 160 911 97 AD R.P. Paulũ Volſium de Apologia

396 237 650 84 Eraſmica pro tribus linguis.

176 321 954 97 Orphea permulſiſſe feras, ſiluaſ camœnis

241 398 836 84 Iactat, ſed patria Græcula muſa fide.

168 478 952 98 Nec ſilet arguto, motas Amphione rupes,

239 559 830 96 De Tyrijs Thebas ſe rapuiſſe iurgis.

164 635 1006 98 Et celebrat uirgæ magicas Cyllenidos arteis.

233 716 907 96 Et quæ præterea monſtra referre pudet.

172 798 956 98 Vera præ leuibus lateant miracula nugis,

249 875 848 98 Qualia quæ fixis hauſimus ipſi oculis?

157 959 1014 83 Indicium quorum nos nos faciamus oportet

233 1040 946 86 Si noſtra ingenuus pectora candor habet.

164 1110 1021 98 Vt maiora fide hæc quidam ſpectacula dicent,

231 1189 1103 92 Non tamen hunc propter non memorãda metũ.

155 1267 1109 100 Præſtat em̃ turba geminorum inſtante malorum

225 1350 856 94 Incurriſſe minus quod leuiuſ nocet.

155 1426 1022 92 Nempe ferent, ſi nos taceamus, ſaxa, ſub auras

225 1507 1005 96 Dignam hanc moeonijs uerſibus hyſtoriam.

155 1583 916 94 Sic ubi fama pias fuerit uulgata per aures,

225 1662 876 96 Nos fore tum vacuos ſuſpitione putes?

151 1738 875 98 Perfidiæ ille reos aget, hic liuoris inuret

223 1825 870 86 Imprimet alterius criminis ille notam.

153 1899 1054 118 Summa penes teſtem fidei eſt, oculatus & unus

1101 1991 94 106 e iij
