1641 2352
368 78 1022 86 EPIGRAMMATA IO. SAPIDI

394 152 952 93 Quod uideat, probet, & iam meliora uelit.

315 235 886 88 Ille, ſatis nun laudati cultor Eraſmi eſt,

394 313 890 86 Quem reparatorem perſpicit eſſe ſuum.

319 393 1006 87 Sed quid ego ſurdos contendo flectere cantu

386 472 870 84 Ante petent fontes flumina uerſa ſuos.

309 544 975 96 Ergo ſuam teneant, ſi ſanam reddere mentẽ,

394 631 950 90 Quantumuis bona ſit, nulla medela poteſt.

433 707 857 88 EPItaphium Brunonis Amorbachij.

303 784 1041 94 Hic Brunonis Amorbachij ſunt puluis & oſſa,

380 868 849 84 Dia tenet ſuperos mens ſine fine lares.

301 946 1098 84 Et uolat immenſum laus non peritura per orbem

374 1029 825 78 Nata e linguarum cognitione trium.

311 1099 994 90 Tunc uixiſſe ſat eſt, ubi iam potes eſſe decori,

372 1185 935 94 Fama homini, terræ corpore, mente polo.

480 1258 661 90 OB. Baſileæ. M. D. xix.

515 1338 620 83 DE MOnacho quodam.

296 1422 925 83 Vix ætate puer, ſed totus moribus infans,

364 1501 879 86 Corpore uix aliquid, totus et arte nihil.

288 1577 990 83 Prima nouus Franciſcana de gente ſacerdos.

358 1654 826 92 Sacra deo turba concelebrante, tulit.

292 1730 1127 96 Quis habitis, Cereri & Baccho ſoluuntur honores,

352 1811 896 94 Hinc ſubeunt Paphiæ mollia geſta deæ.

286 1893 1080 114 Ecce (in lente unguentum dixeris) ordo coronis
