1694 2358
389 94 687 78 SELESTADIENSIS.

225 168 948 93 Qui moneo quemuis cuilibet eſſe bonum.

151 245 1041 96 Sed doleo multis minus hinc me forte probari,

220 326 803 90 Vnde mihi cunctos conciliare paro,

147 404 1144 99 Hos, quia non norunt quid agant, ſac Chriſte, reatu

218 487 837 82 Donato, in melius uertere conſilium.

139 560 898 94 Vt tua, deterſo fuco, mandata capeſſant,

216 640 990 96 Me bonum diſcant, quis putor eſſe malus,

505 711 318 90 DE VRBE

143 797 880 89 Cur liceat non in Romã mutire uel ulli,

210 878 969 94 Hanc ego, qui cauſam noſcere, reddo, cupit.

143 956 986 95 Quæque ſui natura tenax ſe prorogat ipſam,

210 1035 892 81 Per, non incertis, tempora longa, notis.

139 1112 975 90 Sic uideas ſeruare Lupæ ueſtigia Rhomam

216 1190 900 95 Ex patrijs primum moribus hauſta ſibi.

143 1263 1040 102 Quis neget autorem Romæ cum lacte ferina,

214 1349 872 87 Sugere uim pariter non potuiſſe feræ?

137 1420 1110 102 Iam lupus, huic uocem, ſiquẽ prior occupat, aufert,

214 1499 915 78 Hinc omnes mutos prouida Roma facit.

147 1577 1108 93 Quid tamen hoc unum, quũ ſunt cõmunia Romę.

218 1660 957 86 Cum conſanguineis ſingula quæque lupis?

292 1735 867 90 AD Vimphelingum municipẽ ſuum.

147 1809 1075 95 Dinumeres Vimphelinge licet tot uertice canos,

227 1890 950 139 Vita tamen iuuenum moribus apta tua eſt.

1104 1955 90 106 f ij
