1657 2338
352 144 766 107 Acta die, artus plebs tumulo locat

352 226 780 113 Sancta, at odoris ungit aromatis.

354 317 685 97 O digna mors, lucis per æuum

354 387 638 103 Pectore ſub memori foueri.

676 471 287 94 PERoratio.

362 545 903 115 Nunc ergo Chriſte has fac age fac preces

356 627 739 107 Dignas, tua o rex maxime, gratia

362 707 700 105 Et mi, qui es ob paſſus ſalutem.

370 785 682 93 Dona obitu ueniam ſupremo.

473 857 659 97 IN Anum publice punitam.

372 933 854 117 Stas ſolio ſaxi, torquis ſtat ferrea collo,

442 1015 815 109 Lignea ſtat capiti preſſa corona tuo.

374 1087 1150 120 Laus ſtat ĩ hac tua ſcripta, freq̃ns ſtat & undi turba,

452 1178 978 109 Cur non ſtat meritę tanto in honore mori.

754 1256 230 98 Ænigma.

374 1334 1008 99 Res ſum nota, mei quam paucis copia non fit,

448 1414 858 101 Sed qua, ſi poſſet, quiſ carere uelit.

382 1484 996 113 Qui me fœcit, habere ſibi me non cupit idem,

460 1566 861 113 Qui emit utendam, non eget ille mei.

378 1652 906 107 Deni me neſcit, cui me iam contigit uti,

446 1730 832 101 Nunc faciat ſcirpi qui ualet indicium.

432 1806 1078 103 EPltaphiũ Sibyllæ uxoris Ludouici. IIl. Co. Rh.

489 1880 973 120 pa. P. elec. ad petitionẽ Iacobi. Vimpheling.

424 70 1014 107 EPIGRAMMATA IO. SAPIDI
