1674 2331
447 69 929 84 LAZARVS SCHVRERIVS

565 137 943 94 Seleſtadienſis Lectori S.

369 202 1126 95 Officinam noſtram quã ab obitu Matthiæ Schu¬

334 279 1155 78 rerij patrui noſtri hic nuper ĩſtruximus nouã adhuc,

332 343 1174 88 ueluti imbuere libuit epigrãmatibus Io. Sapidi, quæ

336 407 1166 86 partim ipſi nacti ſumus, cũ illi ſuꝑioribus annis dare¬

334 470 1170 81 mus operã, partim ab illius auditoribus accepimus.

334 540 1168 75 Multis autẽ id mihi nominibus uiſum eſt, primũ em̃

326 598 1171 76 hoc patriæ debebatur, ut a ciuis opuſculo potius 

328 658 1182 82 alieni cuiuſ auſpicaremur. Deĩde exigebat id in p̃ce

332 724 1157 87 ptorẽ pietas, quẽ ego non audiſſem tantũ, ſed etiã do¬

326 782 1171 92 meſtica familiaritate coluiſſem. Poſtremo beneficio¬

326 846 1167 94 rum ratio, quibus ille me nõ ornauit tantũ, ſed etiam

328 911 1151 91 obruit. Accedit ad hæc, totius noſtri Seleſtadiẽſis ſo¬

320 973 1169 85 dalitij omniũ cõſenſus, qui me quodã ſuo in me iure

322 1037 1159 85 ad hãc editionem impulerũt, maxime ꝟo D. Iacobi

326 1099 1147 83 Spiegel, illuſtriſſimi Caroli Romanorũ & Hiſpania¬

316 1163 1167 91 rum regis ſecretarij, nuꝑ ex Auguſta Vindelicorum

320 1223 1155 88 ad patriam reuerſi. nam quantum inſtiterit, quẽtus

320 1287 1161 86 apud eũ Bapidus noſter ſit, ex epiſtola illius ad Chon

318 1350 1167 81 radum Peutingerũ Auguſtanum, ſatis cõſtare puto.

318 1414 1165 83 Habes facti mei rationẽ. Vide uero quantũ nobis de

320 1474 1157 78 Sapido p̃ſumamus, qui illo incõſulto hoc egerimus.

326 1538 1153 78 Verebamur illius modeſtiã, ne ſi reſciret, ſupprimẽda

320 1602 1153 84 curaret, ut eſt uulgaris gloriæ ſtrenuus contemptor.

318 1662 1159 90 En igitur primitias. Seleſtadienſis officinę, quas ube¬

316 1724 1161 86 riores fructus paulo poſt cõſequẽtur. Bene vale. Se¬

318 1787 1134 106 leſtadij. Domi noſtræ Caleñ. Martij. M. D. xx.
