1160 1972
340 122 350 55 EPITAPHIA.

82 181 641 61 Defeſſum me colloquio recreabit amico,

87 235 747 58 Quis mihi dulciſonos cantus reſonabit ad aures.

85 283 694 61 Quis tumidis cannas buccis inflabit agreſtes.

87 336 710 59 Quisue lyram ſubitis digitis pulſabit acutam,

81 386 787 58 Horum etenim fueras mi Batrache tam bene doctus

85 437 770 62 Quam uix ullum alium paſtorum uidimus unquam

81 487 609 59 Nunc has in te delicias amiſimus omnes,

78 537 680 62 In quarum mors dira locum ſuccedere fecit

80 588 721 64 Singultus lachrymas, planctus, ſuſpiria, luctus,

84 641 736 60 Quæ mala non, niſi ſuprema cum luce, recedent.

78 691 692 60 Nunc quoniam re non alia mi Batrache uiuus

82 740 608 61 Vtilis eſſe poteſt defuncto munere uitæ,

78 792 681 59 Reſtat ut incidi faciam memorabile carmen,

77 840 718 67 Carmen te dignum, gelido dignum ſepulchro,

82 896 652 59 Quod tui longam paſtorum poſteritatem

75 945 677 57 Admoneat, ſed me quia non mediocriter alto

76 996 751 59 Fixum corde premit uulnus, quod me potentem

75 1044 718 61 Non ſinit eſſe mei, & uires mihi mentis ademit.

77 1099 740 57 Vt nequeam quod percupio componere carmen.

73 1142 619 69 In ſe ſuſcipiet meus Alpheſibœus idipſum

72 1197 802 62 Muneris, hunc ego, quàm primum conuenero, multis

76 1250 631 60 Vrgebo precibus, deteſtabor per omnes

72 1299 526 61 Paſtorum leges & paſtoralia iura,

73 1349 710 62 Quæ melius nemo nouit te Batrache quondam,

73 1402 641 57 Donec is ediderit (magno permotus & illo

78 1450 667 71 Quo me te́ fuit ſemper complexus amore)

742 1493 113 79 A iij
