1160 1972
468 131 406 50 IOAN. SAPIDI

246 187 708 62 Carmen & in laudem tibi & in ſolatia nobis:

247 241 669 62 Hæc est ſingultim Melibœus uerba locutus.

251 289 714 62 Nunc recita mihi, Muſa, fuit quæ queſtus Iolas.

249 341 738 65 Ah quis fons tantam uim ſuppeditabit aquarum.

252 392 633 60 Materiam́ meis oculis infuſus abundam

253 442 718 63 Sufficiet, lachrimas madefacta per ora ruentes,

259 494 665 59 Vt noctes́ dies́ meum deflere per omnes

260 542 770 63 Thyrſida ſat poßim, quem mors indigna peremit,

262 593 683 59 Mors nimium crudele & inexorabile fatum.

260 643 777 63 Me miſerum miſerum iaceat Germanicus Orpheus

264 695 761 62 Qui iuga Meliboci & ſyluas & flumina & arua

262 749 717 59 Et tecta & pecus & pecoris perſæpe magiſtros

264 796 612 60 Lenijt argutæ dulcis modulator auenæ.

267 846 648 63 Qui Siculos agnos latiales duxit in agros,

266 901 715 59 At gregem Iliacum ac armenta coegit eodem,

269 945 599 65 Qui Paleſtini paſtoris carmina ſacra,

270 995 658 62 Carmina ſydereo quondam de uertice fuſa,

271 1047 648 61 Auſus erat ſimul Auſonia reſonare cicuta.

271 1099 606 61 Et qui præterea uerſus & luſit & ultra

271 1149 673 61 Ludere decrerat, nam præter cætera Thyrſi

275 1197 561 63 Faſtos paſtorali annalia ſacra quieti

274 1250 594 58 Debita iam meditabaris, ſed ferrea fati

276 1301 577 61 Imperia inuiſi cœptos riſere labores,

276 1353 563 60 Irrita fæcerunt pij conamina uoti

277 1400 662 64 O Thyrſi ò animi pars inſeparabilis huius,

278 1450 689 72 Donec ego his oculis uiuus mea ſepta uidebo.

1048 1510 72 52 Au¬
