1160 1972
312 109 334 50 EPITAPHIA.

52 168 689 55 Audiam & his ìntus balantes auribus agnos,

52 221 718 59 Et tingam his manibus tondendæ uellera lanæ,

58 269 724 65 Ah dabitur non Thyrſe tibi noſtra arua uidere?

62 319 671 65 Vt ſperabamus, ſed ſpem trux Parca fefellit.

63 370 691 67 Non igitur leget in geminis pendentia plantis

64 423 669 55 Poma tibi inſignis magna pietate Palemon?

69 472 651 60 Nec tu mi Melibœe feres imitantia fuluum

67 524 720 62 Aurum poma decem, multo pulcherrima dona,

70 572 712 65 Nec dabit Antigonas pictas mira arte tabellas,

73 625 693 63 Nec ſua pruna feret plenus candore Comates.

74 672 645 66 Nec dabit hirſutis excluſas ueſtibus Aegon

77 726 714 56 Caſtaneas, nec uinum addet reuocatus ad agros

76 775 714 62 Allobrogum Mneſteus ratione priore colendos

78 828 617 55 Nec calices binos uicini munus Amyntæ

78 875 674 62 Accipies, nec Thyrſi tibi uenerabilis Othei

80 927 712 63 Dulce ſonos reddens geminos cantabit arundo

83 977 686 63 Nec cernet te Thyrſi un meus Alpheſibæus,

84 1027 697 66 Qui quo gaudendi non ultima cauſa fuiſſet,

86 1080 714 63 Quid Damon non omnigenos miſcebit odores?

87 1131 733 63 Quam ſuaues haurire tibi uix contigit unquam,

85 1179 644 64 Damon quo uir non alius ſapientius ullus

86 1232 680 62 Dexterius́ boues Pandemi curat & agnos.

87 1280 734 66 Non tu Thyrſi gregem noſtrum prodire lauacro

88 1333 734 62 Cernes ablutum puro, agmina Daphnidi ſacra.

88 1382 752 67 Nunc ego cui laurum, quem ſuauiolentibus herbis

89 1435 668 74 Intextum tibi ſeruaui, ſum Thyrſi daturus?

761 1483 120 73 A iiij
