1160 1972
460 110 401 51 IOAN. SAPIDI

246 166 687 62 Non mea uina bibes hoſpes, non tecta ſubibis,

246 220 662 58 Non fluuios Illum Pruſcam coïre uidebis,

245 269 636 60 Hiſ ſui partem Rhenum miſcere duobus

248 318 633 64 Non mirabere Pandemi firmißima ſepta?

251 371 760 59 Quid referam nunc iacturam quam fecerit hoc in

251 419 607 63 Thyrſide defuncto totus paſtorius ordo,

252 472 710 61 Qui nunc est & qui poſt ſæcula multa futurus?

251 522 640 61 Nam uix quiſ alius uaſtati grandia ruris

252 579 665 54 Damna poteſt ſemper uictura ſcribere uena

253 623 762 61 Tam bene, quam ſcripturus eras doctißime Thyrſi

251 674 745 58 Illa per illaudatum iſtum data damna Menalcam,

248 726 746 59 Damna quidem calamo non prætereunda ſilenti,

254 774 574 59 Vt diſcant ea uenturi uitare nepotes,

253 826 665 61 Vt pariter diſcant quantos Pan ipſe labores

252 877 711 54 Pertulerit prius, inuiſum toto orbe Menalcam

255 927 705 61 Quam poſſet penitus detracta oſtendere larua,

255 977 708 63 Qua ſibi paſtores omnes, pecus omne ſubactum

255 1028 659 58 Daphnidis ac omnes late uaſtauerat agros.

253 1078 676 60 Pan cui non ſimilem paſtorem dena tulerunt

254 1127 634 62 Sæcula qui colit Albiacos feliciter agros.

253 1182 661 60 Sed quis (ut intercepta malis ad gaudia fatis

254 1231 618 59 Nunc redeam) deus inuidit nobis́ tibi́

257 1281 659 61 Thyrſi uoluptatem nos inter te́ futuram,

255 1332 588 61 Si tetricæ te ſiuiſſent nos uiſere Parcæ?

256 1382 731 60 Sed noſtrum quis commeruit, qui penditur error

256 1440 747 63 Hac, quam nos luimus lugubri in funere pœnam?

944 1482 101 63 Dici¬
