1160 1972
305 120 358 52 IOAN. SAPIDI

199 164 546 81 Tumulus Materni Circi

353 234 198 86 Muſici.

65 311 564 64 Materne muſicæ rei ſummum decus,

67 365 458 57 Cuius ciere ui ſolebas omnia,

67 414 653 62 Homines, feras, piſces, aues, ſaxa, arbores,

70 466 642 63 Non Orpheo minus, minuſue Amphione,

72 517 569 58 Sed dira mortis improbæ crudelitas,

72 563 543 65 Immota ſurdis ſola manſit auribus

73 615 513 59 Ad auream tuæ liræ dulcedinem,

75 669 587 60 Et te peremit maximo luctu omnium,

80 717 519 64 Quîs ſæpe maximo fuiſti gaudio.

80 769 631 55 Non es tamen totus peremptus, nam licet

80 821 593 60 Corpus tuum putreſcat hoc in puluere

81 872 579 60 At pars tui melior ſacrum cœleſtium

83 923 520 61 Regi melos animis beatis accinit.

87 975 711 63 Quid quod siculus Arionis ubi erit immemor,

89 1024 620 64 Tum quo tui meminiſſe Teuto deſinet.

209 1083 571 82 Tumulus Claudij Pheræi

427 1153 155 77 Galli.

97 1228 674 68 Quamuis multipliciſis Gallia dote ſuperba,

134 1283 585 62 At multo poteras eſſe ſuperba magis,

94 1334 636 58 Si tibi Claudius ille tuus uixißet alumnus,

137 1385 634 56 Cuius Rhenana membra teguntur humo.

97 1435 662 63 Multis nominibus patrios auxiſſet honores

144 1487 594 70 Tam cito ſi ſibi non reddita uita foret.

771 1539 119 65 Nam́
