1160 1972
429 106 369 59 IOAN. SAPIDI

255 169 713 68 Nam́ tibi laudem peperiſſet is unus, Athænis

298 225 569 60 Et Romæ multi quam peperere uiri.

298 272 803 84 Tumulus Nicolai Gerbelij Iunioris.

255 345 636 64 Nicolaos obijt mortem Gerbellius, annos

306 400 609 56 Vix circiter natus quater tres & duos.

254 451 687 55 Hunc Deus ornarat large tot dotibus unum,

309 501 622 61 Quas parcius dare ſingulas multis ſolet.

260 555 727 59 Viſa fuit ſors hæc tetricis nimis improba Parcis

308 601 527 60 Vitam puero ſuſtulere floridam.

257 650 635 61 Mortuus est ætate puer, ſed mortuus idem

303 700 568 62 Plus ſenex animi bonis tot inclytis.

255 751 623 62 Ergo diu uixit ſatis & pariter bene uixit

308 803 652 64 Quoniam puer peruenit ad frugem ſenis.

334 851 643 91 Tumulus Caſpari & Ioſephi

248 995 699 69 Corpus Caſpari iacet hic Hedionis humatum,

416 930 472 64 Hedionum Fratrum.

297 1050 400 64 Cum fratre Ioſepho ſuo:

247 1098 638 73 Spem fuit eximiam de ſe dare uiſus uter́,

296 1151 425 59 Sed trux eam mors abſtulit

249 1205 668 63 Nam bonos tenera pueros ætate peremit,

298 1253 397 60 Multum tamen uitæ fuit,

252 1301 707 71 Quando præclarum ſpecimen puerilibus annis

290 1355 382 65 Dedere adulti temporis.

368 1404 544 100 Tumulus Ioſiæ Mengii.

960 1489 93 60 Heu
