1160 1972
287 132 364 59 IOAN. SAPIDI

196 190 599 82 Tumulus Ioannis Baptiſtæ

378 265 195 73 Ruelli.

65 337 565 63 Expirauit Ioannes Baptiſta Ruellus

110 391 613 59 Doctus aduleſcens integer, at probus

66 439 697 67 Spem magnam patrio de ſeſe oſtenderat orbi

120 491 579 61 Sed mors oſtenſam noluit eſſe ratam

73 540 663 66 Nam qui dignus erat Piliæ par eße ſenectæ

93 597 638 55 Non annos potuit bis numerare nouem

73 643 709 60 Spes licet immodicum faciat præciſa dolorem

114 693 620 58 Grata tamen caßæ mentio facta rei est.

133 744 726 75 Tumulus Iacobo Bedroto Sacer.

74 815 636 62 Ergo iacet uirtus Iacobi magna Bedroti,

119 866 584 61 Quam potuit nullus debilitare labor:

74 915 667 64 Seu populus ſacra fuit inſtituendus in æde,

120 968 525 58 Seu pubes muſis erudienda bonis,

75 1018 715 63 Seu quam rem frugi conſulta roganda ſenatus,

120 1071 611 58 Seu qua in conuentu diſcutienda graui,

77 1121 709 60 Siue elementa ſcolæ melius formanda recentis,

111 1170 584 60 Seu uia ſucceßus continuanda probi.

80 1224 751 62 Seu pro pauperibus ſtips comportanda iuuandis.

118 1275 608 57 Seu mens erroris lapſa monenda mali,

78 1323 665 62 Seu miſer ægrotus uerbis ſolandus amicis,

124 1374 618 62 Seu pia quæque alio res facienda modo,

83 1420 613 65 Hic fieri ſumma uir ſedulitate ſategit:

127 1472 590 78 Vnum tam multis quis ſatis eſſe putet?

808 1532 76 66 Non
