1160 1972
490 135 347 57 IOAN. SAPIDI

243 196 726 69 Non equidem tantum (ſi famæ credimus) Atlas

283 251 536 62 Sudauit, tergo cum tulit aſtra ſuo,

244 301 727 61 Tanta nec Alcidæ moles, cum grandia monſtra

279 352 534 63 Suſtinuit forti perdomuit manu.

242 402 671 65 Hic ſua poſtponens alienis commoda rebus,

285 451 550 65 Se minime natum nouerat eſſe ſibi,

242 500 729 68 Huc ſtudia, huc artes, huc linguas, deni uertit

287 553 585 63 Huc oneris quicquid nocte die tulit.

242 602 728 67 En fructus quos illa bonos bona protulit arbor

285 654 568 65 Ex qua plantari debuit omne ſolum.

244 703 660 66 O bona mors hominis, qui deſidis otia uitæ

283 752 576 66 Odit & innumeris gratificatus obit.

242 805 785 64 Hunc tumulum quem ſanus adhuc Bedrote petebas

281 858 635 62 Ante dies ſeptem, quam morereris, habe.

242 908 605 63 Seu caſu, ſeu præſaga ſis mente locutus,

273 960 646 58 Qualis agit magnos uis aliquando uiros,

245 1010 704 62 Cum riſu tamen officium tunc forte receptum,

283 1059 598 65 Cum fletu Sapidus nunc ego ſoluo tibi.

296 1127 748 83 Tumulus Elizabethæ filiæ Mar¬

507 1208 271 71 tini Buceri.

242 1287 681 67 Heus etiam natam rapit implacabile fatum

285 1343 583 63 In qua mater adhuc uirgine uiua fuit.

243 1393 784 67 Nam ſeu formam animi ſpectes ſeu corporis, unam

280 1447 502 78 Dicas ex omni parte fuiße duas:

952 1493 104 78 Quin
