1160 1972
448 112 431 57 IOAN. SAPIDI

239 174 684 62 Tandem poſthabita patriæ dulcedine, ſedem

283 228 498 59 Argentorati legit habere ſuam

237 276 611 65 Hic́ ſibi peregre ſuſcepti ferre laboris

290 331 587 59 Prouentus populo percipiente ſacros.

242 382 734 60 Sed mors egregium iuuenem in conamine primo

296 430 652 58 Abſtulit, heu nimium mors inimica bonis:

246 478 594 61 Ergo, ſalutatis, nemo niſi manibus iſtis

294 528 654 63 Hac (honor extinctis ſiquis habendus) eat.

399 602 545 80 Tumulus Iacobi Villici.

247 686 567 71 Iacobus hoc ineſt ſepulchro Villicus

248 744 612 63 Iuuenis ad omnes res gerendas gnauiter

247 793 724 67 Appoſitus & promptus, ſupra omnium fidem:

247 844 658 65 Hinc, non ſecus quam Cæcias uim nubium,

248 897 585 63 Magneſue maſſas ferreas ad ſe trahit,

252 946 644 64 Is beneuolentiam omnium in ſe tranſtulit,

253 995 623 70 Quiſcun guſtandum ſemel ſe præbuit.

251 1048 562 60 Nunc mortuus dolore multos afficit

253 1098 626 60 Sed iure multorum graui cum luctu obit

255 1149 603 70 Quem non ſine ratione multi diligunt.

334 1211 690 78 Tumulus Helenæ uxoris Pan¬

488 1287 339 83 taleonis Blaſij.

259 1369 792 73 Quæ iacet hic Helenæ quo tempore uirgo manebat

305 1426 552 80 Viſa eſt uirginei gloria prima chori

893 1466 167 79 Poſtquam
