1160 1972
342 115 341 57 EPITAPHIA.

81 177 671 65 Poſtquam, legitimi, nupſit, matura mariti,

133 230 584 60 Non illi, é cunctis par fuit ulla nurus.

82 281 644 59 Inter item matres olim regnaſſet honeſtas

134 333 580 54 Seu proles, ſeu res inſtituenda domus.

82 377 635 65 Si non coniugij in foribus defuncta fuiſſet

122 433 670 56 Vita annos nondum bis numerante nouem.

81 479 724 60 Nemo bonam bonus hanc debet deflere puellam

123 534 560 58 Defleri debet quæ mala cum perit.

215 583 584 78 Tumulus Filiolo Martini

80 729 668 61 Hic infans patrem referebat nomine & ore

314 657 335 68 Buceri Sacer.

127 782 550 60 Forte relaturus ſic quo mente fuit

81 832 630 57 Nam pueri, uix bimatum, uis inſita, nati

124 887 559 51 Cœperat æquandos anteuenire dies.

80 932 599 50 Id doluit Parcis & mox in limine uitæ

120 984 523 61 Extinctos artus hoc poſuere loco.

80 1033 673 61 Attamen inſonti bona mors fuit iſta puello,

123 1084 643 61 Quamlibet eſt multis plus mala uiſa ſatis.

77 1134 701 61 Nam qui non meruit, timuit, uel obire cupiuit

121 1188 513 55 Annon ille ſua morte beatus obit.

211 1234 593 85 Tumulus Conradi Molſe¬

368 1313 236 68 mi Pueri.

76 1381 589 67 Conradus hoc Molſemus in ſolo iacet.

77 1435 500 76 Quo uix puer fuit alius nobilior

761 1495 107 85 B ij
