1160 1972
424.0 118.0 410.0 58.0 IOAN. SAPIDI

224.0 184.0 579.0 65.0 Fœlicitate morum & oris & ingeni.

223.0 238.0 589.0 58.0 Sed raritas rei decoræ, ut non parum

224.0 285.0 598.0 67.0 Difficilis eſt, ita cito plerum́ interit.

271.0 350.0 750.0 87.0 Tumulus Ioannis Iſenburgij Præ¬

484.0 428.0 349.0 81.0 ceptoris claßici.

237.0 491.0 617.0 71.0 Tectus Ioannes tumulo Iſenburgius iſto

286.0 551.0 536.0 57.0 Formator optimus rudis pueritiæ

237.0 598.0 670.0 65.0 Phidiaci nunquam ſigna expreſſere labores

286.0 652.0 508.0 60.0 His lineamentis & hac argutia,

241.0 697.0 701.0 68.0 Quàm fuit informes animos hic arte magiſter

289.0 751.0 525.0 58.0 Doctus polire literis & moribus.

239.0 798.0 740.0 66.0 Omnia mors aufert & ius quo prærogat iſtud

291.0 853.0 692.0 63.0 Vt quem́ frugi hominem ſibi cito uendicet.

285.0 921.0 766.0 84.0 Tumulus Vuolphgangi Capitonis.

245.0 991.0 759.0 68.0 Vuolphgangus Capito mortalia membra ſolutus

292.0 1046.0 479.0 61.0 Cœleſtis ſubijt regna beata ſoli

244.0 1097.0 739.0 63.0 Quo prius & uita & ſermone uocauerat agnos

291.0 1148.0 590.0 58.0 Ille bonus paſtor, nunc ibi iure manet.

242.0 1196.0 657.0 64.0 Dignus erat maiori æuo, ſed non fuit ultra

298.0 1247.0 662.0 64.0 Tam charum Mundus dignus habere caput

244.0 1298.0 613.0 63.0 Aſt habet: hic ſua iacturæ ſolatia factæ,

290.0 1348.0 537.0 61.0 Illius adflatu ſcripta referta ſacro.

256.0 1401.0 711.0 63.0 Quæ qui legerit, in animum demiſerit altum

297.0 1455.0 528.0 64.0 Diuini conſors hic Capitonis erit.

888.0 1496.0 157.0 73.0 Tumulus
