1160 1972
445 153 412 55 IOAN. SAPIDI

231 218 468 69 Diuortio́ ſeparauit perpeti.

235 271 597 63 Quas res ſecundas, uel aliorum caſuum

240 322 677 61 Tutas ab impetu, illa non tandem opprimit.

406 387 519 77 Tumulus Ionæ, Iacobi

513 462 287 77 Bedroti filij.

244 531 686 62 Tam cito ne Ionam mors Bedrotum ſuſtulit?

242 587 596 56 Tot præditum uel in ipſa aduleſcentia,

240 635 608 60 Præter decorem corporis, animi bonis?

243 690 731 59 Quorum unumquod uirum beatum redderet,

247 737 593 61 Quæ ſi ſpei fructum dediſſent debitum,

242 786 543 60 In rem rei ualde fuiſſent publicam,

241 834 535 66 Ipſum́ fortuitis beaſſent dotibus.

243 890 638 57 Sed quando fatorum his tenemur legibus,

247 939 663 64 Vt ſimus id, non quod lubet, ſed quod licet,

243 991 506 57 Feramus, at nobis ſit hoc ſolatio,

245 1041 643 56 Spem deſtitutam commodo lædere minus,

251 1092 693 62 Quam ſi, metu quod torſerat, malum ingruat.

327 1159 681 72 Tumulus Hieronymi Emmeri

418 1234 510 86 Argen. Aduleſcentis.

249 1320 670 58 Non Hieronymus Emmerus debebat aduſ

302 1372 535 58 Tempora maturi iuſta uenire uiri:

249 1422 633 62 Sed ueluti uernis plantaria floribus arbos

303 1473 547 69 Eruitur ualido tota reuulſa Noto.

993 1521 60 81 Sic
