1160 1972
320 136 362 56 EPITAPHIA.

63 195 657 63 Sic is aduleſcens pereat florentibus annis,

122 248 592 62 Qui ſpes ſumme ingens utilitatis erat.

72 300 692 61 Vos ſacra Muſarum qui diſcitis at docetis,

126 350 496 61 Hoc funus fletu triſte rigate pio.

201 402 627 76 Tumulus Fœlicitatis Filiolæ

313 477 383 75 Martini Buceri.

78 547 582 61 Fælicitas, ut cito foret, quod dicitur,

80 600 653 57 Cito moritur, nam cito mori fœlicium eſt.

78 654 606 55 Proinde nemo, quamlibet uel corpore,

83 701 612 60 Vel ſorte, uel animo uidetur præpotens

82 753 649 58 Fœlix prius putandus est quam mortuus:

86 803 644 60 Quando, quod inſtabile, beatum non facit

84 853 647 60 Sed miſerum, at ipſa mors miſeriæ finis est

85 903 521 63 Et ſola fons fœlicitatis, ergo qui

89 953 677 62 Quo citius efflarit animam, hoc citius quo

88 1006 529 55 Fit particeps ſœlicitatis perpetis,

92 1055 654 56 Qua nunc fruitur, hic quæ iacet, fœlicitas.

138 1107 767 79 TumuluscAnnæ Miægæ Danielis

356 1172 322 90 Miægi Filiæ.

91 1246 616 65 Annam Micgam tumulus iſte contegit,

94 1306 616 57 Illm iuuandis indigis plenam manum:

95 1357 639 61 Rarum & pudicitie decus, quam mortuo

96 1407 579 63 Cui uirgo nupſerat, ſacrauit coniugi,

96 1458 521 77 Nolens ſecundas experiri nuptias

765 1504 138 74 B iiij
