1160 1972
436 136 413 52 IOAN. SAPIDI

233 195 552 63 Nouo́ amore priſtini uim tollere:

235 245 664 65 Quin maluit ſemel uirum amiſſum probum

232 299 648 61 Deflere, quam uel rurſus amittere parem,

240 348 586 60 Vel ferre, non aſſueta, mores improbi.

237 396 518 61 Sic finis idem luctui & uitæ fuit.

237 446 497 63 Iam, teſtimonio ſimul laudabili,

236 498 576 60 Studio ſimul paria æmulandi, caſtitas

241 549 537 54 Et liberalitas modos hos dedicant.

304 602 734 81 Tumulus Vuolphgangi Capitonis

481 681 363 73 Iunioris infantis.

237 747 692 58 Ceu nouus è ueteri Phœnice, renaſcitur idem,

285 797 622 63 Sic & in hac Capito prole renatus erat.

240 850 638 62 Vt quæ tam plane ſimilis fuit omnia patri

286 901 650 60 Adde opera at annos idem erit ipſe pater

237 948 632 65 Hinc ſperabatur decus hoc inſigne futura

283 1003 612 59 Progenies genitor quod fuit at manet

240 1052 716 63 Spes dubia & fallax, nõ paruum ſæpe dolorent

288 1102 520 61 Dat uice ſucceſſus irrita facta ſui.

246 1156 830 77 Tumulus Annæ Regiæ, uxoris Se¬

241 1231 837 80 baldi Hauuenreuteri Norici, Medici.

241 1300 694 63 Heus ſubſiſte parum qui tranſis, nos uiator

299 1354 646 60 Verſus (nam temere hac non licet ire)lege.

247 1406 688 63 Que iacet hic, poterat non paucis una puellis

290 1454 535 75 Vel maior uel par dotibus eſſe ſuis.

1001 1511 35 70 Si
