<?xml version="1.0" encoding="UTF-8"?>
<alto xmlns:xsi="http://www.w3.org/2001/XMLSchema-instance"
      xmlns="http://www.loc.gov/standards/alto/ns-v4#"
      xsi:schemaLocation="http://www.loc.gov/standards/alto/ns-v4# http://www.loc.gov/standards/alto/v4/alto-4-2.xsd">
  <Description>
    <MeasurementUnit>pixel</MeasurementUnit>
    <sourceImageInformation>
      <fileName>180_c4122_default.jpg</fileName>
      <fileIdentifier>https://api.digitale-sammlungen.de/iiif/image/v2/bsb00037872_00181/full/full/0/default.jpg</fileIdentifier>
    </sourceImageInformation>
  </Description>
  <Tags>
    <OtherTag ID="BT7" LABEL="CustomZone" DESCRIPTION="block type CustomZone"/><OtherTag ID="BT8" LABEL="DamageZone" DESCRIPTION="block type DamageZone"/><OtherTag ID="BT9" LABEL="DigitizationArtefactZone" DESCRIPTION="block type DigitizationArtefactZone"/><OtherTag ID="BT10" LABEL="DropCapitalZone" DESCRIPTION="block type DropCapitalZone"/><OtherTag ID="BT11" LABEL="GraphicZone" DESCRIPTION="block type GraphicZone"/><OtherTag ID="BT12" LABEL="MainZone" DESCRIPTION="block type MainZone"/><OtherTag ID="BT13" LABEL="MarginTextZone" DESCRIPTION="block type MarginTextZone"/><OtherTag ID="BT14" LABEL="MusicZone" DESCRIPTION="block type MusicZone"/><OtherTag ID="BT15" LABEL="NumberingZone" DESCRIPTION="block type NumberingZone"/><OtherTag ID="BT17" LABEL="QuireMarksZone" DESCRIPTION="block type QuireMarksZone"/><OtherTag ID="BT18" LABEL="RunningTitleZone" DESCRIPTION="block type RunningTitleZone"/><OtherTag ID="BT19" LABEL="SealZone" DESCRIPTION="block type SealZone"/><OtherTag ID="BT20" LABEL="StampZone" DESCRIPTION="block type StampZone"/><OtherTag ID="BT21" LABEL="TableZone" DESCRIPTION="block type TableZone"/><OtherTag ID="BT22" LABEL="TitlePageZone" DESCRIPTION="block type TitlePageZone"/><OtherTag ID="BT3532" LABEL="text" DESCRIPTION="block type text"/>
    <OtherTag ID="LT7" LABEL="CustomLine" DESCRIPTION="line type CustomLine"/><OtherTag ID="LT8" LABEL="DefaultLine" DESCRIPTION="line type DefaultLine"/><OtherTag ID="LT9" LABEL="DropCapitalLine" DESCRIPTION="line type DropCapitalLine"/><OtherTag ID="LT10" LABEL="HeadingLine" DESCRIPTION="line type HeadingLine"/><OtherTag ID="LT11" LABEL="InterlinearLine" DESCRIPTION="line type InterlinearLine"/><OtherTag ID="LT12" LABEL="MusicLine" DESCRIPTION="line type MusicLine"/><OtherTag ID="LT1316" LABEL="default" DESCRIPTION="line type default"/>
  </Tags>
  <Layout>
    <Page WIDTH="1160"
          HEIGHT="1972"
          PHYSICAL_IMG_NR="25"
          ID="eSc_dummypage_">
      <PrintSpace HPOS="0"
                  VPOS="0"
                  WIDTH="1160"
                  HEIGHT="1972">
        <TextBlock HPOS="328"
                   VPOS="122"
                   WIDTH="308"
                   HEIGHT="55"
                   ID="eSc_textblock_7337ed02"
                   TAGREFS="BT18">
          <Shape><Polygon POINTS="328 177 328 133 337 122 636 130 636 177"/></Shape>
          <TextLine ID="eSc_line_37aa3cd1"
                    TAGREFS="LT8"
                    BASELINE="326 163 638 158" 
                    HPOS="325"
                    VPOS="124"
                    WIDTH="313"
                    HEIGHT="55">
            <Shape><Polygon POINTS="621 129 610 129 599 129 588 128 577 128 566 128 555 128 544 127 533 127 530 127 522 128 520 127 512 127 501 125 490 125 483 125 464 129 451 124 446 124 439 124 422 129 331 128 325 133 326 163 326 172 394 179 395 179 456 172 479 178 480 178 481 178 482 178 513 170 561 176 562 176 563 176 581 169 607 176 608 176 609 176 610 176 638 167 638 158 635 129 632 129"/></Shape>
            <String CONTENT="EPITAPHIA."
                    HPOS="325"
                    VPOS="124"
                    WIDTH="313"
                    HEIGHT="55"
                    WC="0.9988476872444153"></String>
          </TextLine>
        </TextBlock>
        <TextBlock HPOS="74"
                   VPOS="191"
                   WIDTH="849"
                   HEIGHT="1328"
                   ID="eSc_textblock_a8ecac24"
                   TAGREFS="BT12">
          <Shape><Polygon POINTS="782 197 782 340 804 394 804 454 782 490 778 546 782 577 817 609 800 688 787 980 805 999 910 1003 923 1076 888 1094 655 1113 642 1151 687 1191 734 1196 747 1252 717 1305 708 1396 651 1454 633 1510 153 1519 96 1515 78 1497 74 197 83 191 755 191"/></Shape>
          <TextLine ID="eSc_line_c597165b"
                    TAGREFS="LT7"
                    BASELINE="77 233 770 226" 
                    HPOS="76"
                    VPOS="181"
                    WIDTH="694"
                    HEIGHT="67">
            <Shape><Polygon POINTS="767 193 763 192 748 192 743 187 734 186 723 184 718 181 657 181 656 181 655 181 632 193 570 193 521 184 520 184 519 184 490 193 469 187 468 187 467 187 396 195 383 185 382 185 381 185 358 185 357 185 356 185 336 195 309 185 308 185 306 185 305 185 304 185 304 186 293 196 270 186 269 186 268 186 267 186 245 196 228 191 226 191 225 191 191 197 149 187 94 187 93 187 92 187 91 187 76 196 77 233 77 247 217 242 278 248 279 248 322 241 365 247 366 247 367 247 380 241 425 245 426 245 427 245 428 245 428 244 434 239 485 245 486 245 487 245 507 239 532 246 533 246 535 246 536 246 537 246 537 245 544 238 584 245 585 245 677 239 759 244 760 244 762 244 763 244 763 243 770 235 770 226 768 193 767 193"/></Shape>
            <String CONTENT="Si formam ſpectes, hæc Tyndaris ora ferebat,"
                    HPOS="76"
                    VPOS="181"
                    WIDTH="694"
                    HEIGHT="67"
                    ></String>
          </TextLine>
          <TextLine ID="eSc_line_91e38400"
                    TAGREFS="LT7"
                    BASELINE="120 282 766 277" 
                    HPOS="119"
                    VPOS="239"
                    WIDTH="647"
                    HEIGHT="57">
            <Shape><Polygon POINTS="120 282 120 291 342 296 343 296 344 296 345 296 354 290 428 295 429 295 478 289 504 296 505 296 506 296 507 296 535 289 570 295 571 295 572 295 573 295 573 294 580 289 634 294 635 294 637 294 664 287 676 294 677 294 678 294 679 295 710 295 710 294 711 294 726 287 764 294 766 277 764 248 733 248 723 239 722 239 721 239 720 239 719 239 703 247 618 241 617 241 616 241 615 241 615 242 607 248 525 243 524 243 480 249 445 242 377 242 376 242 374 242 354 251 328 251 313 243 312 243 311 243 246 251 119 246 120 282"/></Shape>
            <String CONTENT="Tunc cum Dardanias rapta petebat opes,"
                    HPOS="119"
                    VPOS="239"
                    WIDTH="647"
                    HEIGHT="57"
                    WC="0.9890302545145938"></String>
          </TextLine>
          <TextLine ID="eSc_line_bf6facfa"
                    TAGREFS="LT7"
                    BASELINE="77 335 450 328 772 330" 
                    HPOS="76"
                    VPOS="290"
                    WIDTH="696"
                    HEIGHT="62">
            <Shape><Polygon POINTS="77 335 77 344 111 352 112 352 151 346 203 352 205 352 206 352 207 352 218 342 259 342 270 349 271 349 273 349 274 349 275 349 276 349 276 348 282 342 328 342 379 351 380 351 381 351 382 351 382 350 383 350 388 345 400 348 401 348 402 348 403 348 425 341 458 350 459 350 460 350 461 350 483 342 528 346 529 346 567 340 577 348 577 349 578 349 580 349 581 350 647 350 647 349 649 349 650 349 650 348 658 340 684 348 685 348 686 348 687 348 704 339 737 339 749 348 751 348 752 348 753 349 772 349 772 330 771 299 726 291 725 291 696 297 686 290 685 290 684 290 683 290 681 290 649 299 582 291 581 291 551 296 546 292 546 291 544 291 543 291 542 291 541 291 540 291 531 297 526 293 526 292 525 292 524 292 455 291 453 291 452 291 430 300 343 292 342 292 340 292 339 292 327 300 308 292 306 292 305 292 304 292 287 301 201 293 200 293 199 293 183 302 76 295 77 335"/></Shape>
            <String CONTENT="Quere fidem thalami cuſtoditum pudorem,"
                    HPOS="76"
                    VPOS="290"
                    WIDTH="696"
                    HEIGHT="62"
                    WC="0.9926841989159584"></String>
          </TextLine>
          <TextLine ID="eSc_line_7c9c6822"
                    TAGREFS="LT7"
                    BASELINE="128 384 661 379" 
                    HPOS="127"
                    VPOS="341"
                    WIDTH="534"
                    HEIGHT="59">
            <Shape><Polygon POINTS="128 384 128 394 140 400 141 400 142 400 215 394 224 399 225 399 226 399 228 400 279 400 279 399 280 399 281 399 281 398 288 393 362 398 364 398 365 398 366 398 366 397 372 392 402 397 403 397 509 391 530 397 531 397 532 397 595 391 646 395 647 395 649 395 661 388 661 379 660 351 637 342 635 342 634 342 633 342 618 351 570 351 555 341 554 341 553 341 552 341 551 341 528 351 498 345 497 345 471 350 378 344 377 344 376 344 374 344 364 353 337 354 305 354 297 346 297 345 296 345 294 345 293 345 292 345 271 353 253 347 252 347 251 347 249 347 248 347 248 348 242 354 213 354 189 346 188 346 151 346 150 346 149 346 127 354 128 384"/></Shape>
            <String CONTENT="Fida magis non hac Icariotis erat."
                    HPOS="127"
                    VPOS="341"
                    WIDTH="534"
                    HEIGHT="59"
                    WC="0.9921763188698712"></String>
          </TextLine>
          <TextLine ID="eSc_line_f4de7d19"
                    TAGREFS="LT7"
                    BASELINE="75 433 724 429 794 433" 
                    HPOS="74"
                    VPOS="387"
                    WIDTH="720"
                    HEIGHT="65">
            <Shape><Polygon POINTS="75 433 75 442 177 451 178 451 240 444 256 452 257 452 258 452 259 452 279 442 303 451 304 451 305 452 378 452 378 451 379 451 397 442 497 448 498 448 533 441 548 448 549 448 550 448 551 448 567 441 577 449 578 449 580 449 581 449 615 441 649 449 650 449 651 449 652 449 667 440 714 440 729 449 730 449 731 449 732 450 793 450 794 433 793 399 751 399 738 388 738 387 737 387 736 387 692 387 691 387 690 387 689 387 676 398 667 392 666 392 665 392 664 392 663 392 649 398 617 398 604 388 603 388 601 388 600 388 599 388 578 399 562 388 561 388 560 388 559 388 558 388 529 399 513 388 512 388 510 388 509 388 508 388 479 396 467 388 465 388 464 388 463 388 462 388 461 388 461 390 450 399 426 399 401 390 400 390 399 390 256 403 222 403 208 391 207 391 206 391 160 391 158 391 157 391 132 402 74 395 75 433"/></Shape>
            <String CONTENT="Da bellum, eripuiſſet, ut olim hæbræa uirago,"
                    HPOS="74"
                    VPOS="387"
                    WIDTH="720"
                    HEIGHT="65"
                    ></String>
          </TextLine>
          <TextLine ID="eSc_line_e79591b8"
                    TAGREFS="LT7"
                    BASELINE="126 485 757 479" 
                    HPOS="124"
                    VPOS="440"
                    WIDTH="633"
                    HEIGHT="60">
            <Shape><Polygon POINTS="126 485 126 495 207 500 208 500 209 500 210 500 215 495 228 500 229 500 230 500 275 494 328 499 330 499 358 494 426 498 427 498 464 493 485 498 486 498 487 498 522 491 576 497 577 497 630 490 639 496 640 496 641 496 642 496 643 496 662 490 675 496 676 496 677 496 756 491 757 479 755 452 731 452 721 443 721 442 720 442 719 442 718 442 717 442 687 451 668 442 667 442 666 442 631 448 613 440 612 440 595 440 594 440 593 440 592 440 592 441 584 448 571 440 570 440 569 440 567 440 427 441 426 441 376 454 346 446 345 446 344 446 343 446 342 446 330 455 269 455 257 446 256 446 255 446 254 446 253 446 252 446 237 456 182 456 155 444 154 444 153 444 124 450 126 485"/></Shape>
            <String CONTENT="Truncato patrios fortis ab hoſte Lareis,"
                    HPOS="124"
                    VPOS="440"
                    WIDTH="633"
                    HEIGHT="60"
                    WC="0.9776352792978287"></String>
          </TextLine>
          <TextLine ID="eSc_line_e30c22c6"
                    TAGREFS="LT7"
                    BASELINE="76 535 767 529" 
                    HPOS="75"
                    VPOS="491"
                    WIDTH="692"
                    HEIGHT="60">
            <Shape><Polygon POINTS="76 535 76 549 314 551 315 551 316 551 317 551 324 545 364 545 381 551 382 551 383 551 422 544 546 548 547 548 548 548 549 548 555 543 563 548 564 548 565 548 566 548 618 543 650 548 651 548 730 547 731 547 732 547 732 546 737 542 765 547 767 529 764 493 604 499 595 493 595 491 594 491 593 491 592 491 590 491 589 491 576 500 530 500 521 493 520 493 519 493 481 493 480 493 445 500 422 493 421 493 419 493 367 501 345 494 344 494 343 494 303 502 247 495 246 495 245 495 244 495 234 502 200 497 199 497 198 497 197 497 188 503 141 496 140 496 139 496 112 503 104 496 103 496 101 496 100 496 99 496 75 503 76 535"/></Shape>
            <String CONTENT="Fac ſit Muſarum nondum chorus integer, iſta"
                    HPOS="75"
                    VPOS="491"
                    WIDTH="692"
                    HEIGHT="60"
                    WC="0.9862490046856015"></String>
          </TextLine>
          <TextLine ID="eSc_line_67336368"
                    TAGREFS="LT7"
                    BASELINE="119 585 743 580" 
                    HPOS="118"
                    VPOS="542"
                    WIDTH="625"
                    HEIGHT="61">
            <Shape><Polygon POINTS="119 585 119 595 256 603 257 603 258 603 291 594 330 601 331 601 332 601 333 601 340 594 417 594 426 602 427 602 428 602 429 602 430 602 463 593 497 593 506 601 507 601 508 601 509 601 510 601 539 593 563 601 564 601 565 601 599 599 600 599 601 599 601 598 608 592 637 599 638 599 639 599 640 599 650 593 742 593 743 580 741 551 686 551 676 542 675 542 674 542 673 542 672 542 658 548 601 542 600 542 599 542 583 551 446 543 445 543 444 543 427 552 388 546 387 546 385 546 368 552 359 545 358 545 357 545 356 545 296 551 281 544 280 544 279 544 244 545 243 545 242 545 233 553 209 545 208 545 207 545 206 545 205 545 191 554 155 554 140 545 139 545 138 545 137 545 118 553 119 585"/></Shape>
            <String CONTENT="Suppleſſet uacuum ſola recepta locum"
                    HPOS="118"
                    VPOS="542"
                    WIDTH="625"
                    HEIGHT="61"
                    WC="0.9947616027461158"></String>
          </TextLine>
          <TextLine ID="eSc_line_9233b440"
                    TAGREFS="LT7"
                    BASELINE="78 637 808 633" 
                    HPOS="77"
                    VPOS="592"
                    WIDTH="731"
                    HEIGHT="63">
            <Shape><Polygon POINTS="78 637 78 649 235 655 236 655 237 655 251 648 260 652 262 652 263 652 316 645 504 645 514 650 515 650 516 650 517 650 518 650 540 645 558 652 559 652 560 652 561 652 585 645 608 652 609 652 610 652 611 652 612 652 626 644 668 651 669 651 806 647 808 633 805 601 655 601 626 592 624 592 623 592 580 593 578 593 577 593 577 594 572 599 558 593 556 593 555 593 554 593 553 593 542 601 519 593 518 593 517 593 516 593 490 600 456 593 455 593 453 593 423 602 414 594 413 594 412 594 411 594 354 603 153 603 130 595 129 595 128 595 77 601 78 637"/></Shape>
            <String CONTENT="Finge duas tantum Charites, uel ſuffice quartans"
                    HPOS="77"
                    VPOS="592"
                    WIDTH="731"
                    HEIGHT="63"
                    WC="0.9588499180972576"></String>
          </TextLine>
          <TextLine ID="eSc_line_87bfedee"
                    TAGREFS="LT7"
                    BASELINE="116 688 710 681" 
                    HPOS="115"
                    VPOS="641"
                    WIDTH="595"
                    HEIGHT="64">
            <Shape><Polygon POINTS="116 688 116 697 179 704 180 704 244 697 251 703 251 704 252 704 253 704 254 705 305 705 305 704 306 704 336 695 380 700 381 700 546 694 566 701 567 701 569 701 570 701 571 701 578 694 609 701 610 701 611 701 647 692 686 700 687 700 688 700 710 690 710 681 708 651 656 651 646 643 646 641 645 641 644 641 615 641 613 641 563 648 518 643 517 643 516 643 515 643 515 644 506 652 491 652 478 645 476 645 475 645 474 645 473 645 458 654 428 654 400 645 399 645 397 645 396 645 395 645 395 646 389 651 376 647 374 647 373 647 298 655 275 646 274 646 273 646 271 646 270 646 259 656 219 656 207 648 206 648 205 648 203 648 158 656 124 650 123 650 122 650 121 650 115 655 116 688"/></Shape>
            <String CONTENT="Tertia uel quarta hæc iuncta fuiſſet eis"
                    HPOS="115"
                    VPOS="641"
                    WIDTH="595"
                    HEIGHT="64"
                    WC="0.9764714956283569"></String>
          </TextLine>
          <TextLine ID="eSc_line_2f7e1716"
                    TAGREFS="LT7"
                    BASELINE="82 737 786 734" 
                    HPOS="81"
                    VPOS="694"
                    WIDTH="705"
                    HEIGHT="54">
            <Shape><Polygon POINTS="82 737 82 747 783 748 786 734 781 694 762 702 729 694 728 694 666 695 665 695 664 695 657 701 619 694 618 694 617 694 596 702 588 695 588 694 587 694 586 694 556 694 555 694 508 702 475 695 474 695 473 695 472 695 472 696 463 703 430 697 429 697 428 697 427 697 427 698 422 704 314 704 276 698 275 698 274 698 273 698 273 700 267 705 218 705 206 696 205 696 203 696 165 696 164 696 163 696 162 696 150 704 103 700 101 700 100 700 81 705 82 737"/></Shape>
            <String CONTENT="Auxiſſet numero ueteres hæc Phœbadas una,"
                    HPOS="81"
                    VPOS="694"
                    WIDTH="705"
                    HEIGHT="54"
                    ></String>
          </TextLine>
          <TextLine ID="eSc_line_abfac3c6"
                    TAGREFS="LT7"
                    BASELINE="119 787 775 783" 
                    HPOS="118"
                    VPOS="744"
                    WIDTH="657"
                    HEIGHT="62">
            <Shape><Polygon POINTS="119 787 119 797 280 806 281 806 282 806 283 806 297 796 351 796 367 805 368 805 369 805 370 805 371 805 371 804 380 797 430 800 431 800 433 800 447 795 518 795 530 800 531 800 532 800 584 795 623 803 624 803 626 803 627 803 637 794 660 803 661 803 662 803 663 803 673 797 680 803 681 803 683 803 684 804 756 804 756 803 757 803 775 793 775 783 774 751 767 747 766 747 765 747 764 747 725 752 717 747 715 747 714 747 713 747 657 752 649 746 649 744 647 744 646 744 645 744 577 754 558 754 548 746 547 746 546 746 544 746 483 753 472 746 471 746 470 746 469 746 468 746 445 754 434 749 433 749 431 749 378 754 367 747 366 747 365 747 364 747 362 747 348 754 327 747 326 747 325 747 264 748 263 748 262 748 262 749 254 757 206 757 190 748 189 748 188 748 187 748 171 755 154 748 153 748 152 748 118 750 119 787"/></Shape>
            <String CONTENT="Sed quod fœmineum non decoraßet opus?"
                    HPOS="118"
                    VPOS="744"
                    WIDTH="657"
                    HEIGHT="62"
                    WC="0.9744894697859481"></String>
          </TextLine>
          <TextLine ID="eSc_line_0035ac8b"
                    TAGREFS="LT7"
                    BASELINE="85 839 785 834" 
                    HPOS="84"
                    VPOS="795"
                    WIDTH="701"
                    HEIGHT="61">
            <Shape><Polygon POINTS="85 839 85 849 109 856 110 856 111 856 165 849 215 855 217 855 218 855 232 850 249 856 251 856 252 856 253 856 271 847 312 854 313 854 344 847 413 855 414 855 415 855 416 855 426 847 465 854 467 854 468 854 483 846 613 851 615 851 616 851 632 845 645 852 646 852 647 852 695 846 714 853 715 853 717 854 783 854 785 834 781 796 724 801 711 795 710 795 709 795 708 795 707 795 707 796 698 805 664 805 652 795 651 795 650 795 613 795 612 795 611 795 584 806 526 806 503 796 502 796 444 796 442 796 441 796 440 796 430 804 423 798 422 798 421 798 357 797 356 797 355 797 335 806 311 798 310 798 309 798 308 798 306 798 306 799 298 807 257 808 119 808 111 800 110 800 109 800 108 800 107 800 84 808 85 839"/></Shape>
            <String CONTENT="Quæ tamen ad nihilum fatum crudele redegit"
                    HPOS="84"
                    VPOS="795"
                    WIDTH="701"
                    HEIGHT="61"
                    ></String>
          </TextLine>
          <TextLine ID="eSc_line_a3cd0696"
                    TAGREFS="LT7"
                    BASELINE="121 889 721 885" 
                    HPOS="120"
                    VPOS="847"
                    WIDTH="601"
                    HEIGHT="60">
            <Shape><Polygon POINTS="121 889 121 899 234 907 235 907 236 907 260 900 286 904 287 904 355 898 389 904 390 904 391 904 406 897 469 897 495 904 496 904 497 906 554 906 554 904 555 904 585 896 633 903 634 903 673 898 702 903 703 903 704 903 721 895 721 885 719 857 677 857 668 849 668 847 667 847 666 847 649 847 647 847 646 847 645 847 645 849 640 854 637 852 637 851 635 851 634 851 633 851 608 856 589 847 588 847 587 847 586 847 585 847 585 849 576 855 573 852 572 852 571 852 570 852 569 852 558 857 549 850 549 849 548 849 547 849 546 849 480 855 442 849 441 849 440 849 439 849 439 850 431 856 378 850 377 850 376 850 357 858 330 852 328 852 327 852 265 860 183 851 182 851 180 851 158 860 148 852 146 852 145 852 144 852 143 852 120 861 121 889"/></Shape>
            <String CONTENT="Poſtquam cum domina diſperiere ſua."
                    HPOS="120"
                    VPOS="847"
                    WIDTH="601"
                    HEIGHT="60"
                    ></String>
          </TextLine>
          <TextLine ID="eSc_line_1106a36e"
                    TAGREFS="LT7"
                    BASELINE="81 939 770 937" 
                    HPOS="80"
                    VPOS="897"
                    WIDTH="690"
                    HEIGHT="63">
            <Shape><Polygon POINTS="81 939 81 952 172 952 201 960 202 960 203 960 205 960 222 953 257 960 258 960 259 960 260 960 260 959 270 952 285 952 294 959 294 960 296 960 297 960 298 960 343 959 344 959 345 959 356 953 390 960 391 960 439 950 472 950 482 958 482 959 483 959 484 959 485 960 606 960 606 959 607 959 624 950 635 959 637 959 638 959 639 959 770 958 770 937 768 907 694 897 671 897 669 897 668 897 667 897 667 898 658 906 635 897 634 897 633 897 632 897 608 906 597 897 596 897 595 897 594 897 550 903 527 897 526 897 525 897 524 897 522 897 510 906 498 897 497 897 496 897 495 897 422 907 399 898 397 898 381 898 380 898 379 898 378 898 378 899 369 908 321 908 292 898 291 898 290 898 289 898 288 898 279 904 242 898 241 898 240 898 219 906 206 900 205 900 203 900 202 900 201 900 194 908 119 908 89 898 88 898 87 898 86 898 85 898 80 901 81 939"/></Shape>
            <String CONTENT="Hæc uolui ſcires, ueheres &amp; laude ſepultam,"
                    HPOS="80"
                    VPOS="897"
                    WIDTH="690"
                    HEIGHT="63"
                    ></String>
          </TextLine>
          <TextLine ID="eSc_line_c0d3f4eb"
                    TAGREFS="LT7"
                    BASELINE="118 990 744 986" 
                    HPOS="117"
                    VPOS="948"
                    WIDTH="627"
                    HEIGHT="58">
            <Shape><Polygon POINTS="118 990 118 999 149 1004 150 1004 151 1004 152 1004 160 999 173 1005 174 1005 175 1005 176 1005 177 1005 189 999 248 999 271 1006 273 1006 274 1006 334 998 391 998 400 1004 401 1004 402 1004 403 1004 457 996 487 1003 488 1003 490 1003 491 1003 502 996 567 1003 569 1003 637 1002 638 1002 639 1002 647 995 664 1003 665 1003 666 1004 721 1004 721 1003 722 1003 744 995 744 986 743 958 707 948 706 948 704 948 703 948 686 957 607 948 606 948 605 948 604 948 593 957 571 952 570 952 569 952 526 958 516 950 515 950 514 950 513 950 512 950 494 958 468 953 467 953 424 959 351 950 350 950 349 950 348 950 348 952 338 960 324 960 301 950 300 950 299 950 298 950 297 950 297 952 287 960 265 961 247 961 236 952 235 952 234 952 233 952 232 952 210 960 179 952 178 952 133 952 132 952 131 952 130 952 117 959 118 990"/></Shape>
            <String CONTENT="Si modo quam uiuens commeruißet, abi."
                    HPOS="117"
                    VPOS="948"
                    WIDTH="627"
                    HEIGHT="58"
                    WC="0.979587883562655"></String>
          </TextLine>
          <TextLine ID="eSc_line_bcd2e4e0"
                    TAGREFS="LT10"
                    BASELINE="89 1057 908 1057" 
                    HPOS="89"
                    VPOS="1000"
                    WIDTH="819"
                    HEIGHT="87">
            <Shape><Polygon POINTS="893 1002 890 1002 881 1001 878 1001 868 1001 857 1001 856 1000 800 1014 751 1014 728 1000 726 1000 725 1000 724 1000 596 1003 595 1003 575 1014 544 1014 517 1000 516 1000 456 1000 455 1000 453 1000 452 1000 435 1014 401 1014 389 1003 388 1003 387 1003 360 1000 359 1000 325 1002 324 1002 302 1014 273 1014 259 1002 258 1002 257 1002 256 1002 255 1002 230 1014 171 1014 151 1000 150 1000 149 1000 148 1000 89 1003 89 1057 89 1070 234 1074 235 1074 236 1074 251 1069 269 1078 270 1078 271 1078 273 1078 287 1072 321 1078 322 1078 366 1069 394 1082 395 1082 482 1086 483 1086 484 1086 517 1070 553 1076 554 1076 593 1069 613 1080 615 1080 616 1080 617 1080 618 1080 633 1069 683 1076 684 1076 720 1069 764 1086 765 1086 766 1087 908 1087 908 1057 908 1007 901 1002"/></Shape>
            <String CONTENT="Tumulus Chryſoſtomi. Hedionis filij"
                    HPOS="89"
                    VPOS="1000"
                    WIDTH="819"
                    HEIGHT="87"
                    ></String>
          </TextLine>
          <TextLine ID="eSc_line_a8316ff6"
                    TAGREFS="LT10"
                    BASELINE="275 1129 599 1126" 
                    HPOS="274"
                    VPOS="1078"
                    WIDTH="325"
                    HEIGHT="71">
            <Shape><Polygon POINTS="275 1141 298 1149 299 1149 300 1149 301 1149 302 1149 319 1137 340 1144 342 1144 343 1144 421 1136 436 1148 437 1148 438 1148 439 1149 479 1149 479 1148 480 1148 481 1148 487 1141 495 1145 496 1145 497 1145 547 1137 559 1142 560 1142 561 1142 599 1132 599 1126 597 1094 551 1094 520 1083 519 1083 518 1083 517 1083 497 1094 482 1094 469 1084 468 1084 467 1084 465 1084 464 1084 446 1094 428 1079 428 1078 427 1078 426 1078 403 1078 402 1078 401 1078 380 1088 367 1085 366 1085 365 1085 364 1085 362 1085 362 1086 355 1093 331 1079 330 1079 328 1079 289 1079 288 1079 287 1079 286 1079 274 1087 275 1129"/></Shape>
            <String CONTENT="Puer loquitur."
                    HPOS="274"
                    VPOS="1078"
                    WIDTH="325"
                    HEIGHT="71"
                    WC="0.9860304040568215"></String>
          </TextLine>
          <TextLine ID="eSc_line_89c9b761"
                    TAGREFS="LT7"
                    BASELINE="85 1187 632 1185" 
                    HPOS="84"
                    VPOS="1145"
                    WIDTH="548"
                    HEIGHT="62">
            <Shape><Polygon POINTS="85 1187 85 1201 105 1198 110 1202 110 1204 111 1204 112 1204 114 1205 114 1204 115 1204 116 1204 116 1202 121 1198 141 1205 142 1205 143 1205 144 1205 145 1205 153 1198 178 1206 179 1206 180 1206 182 1206 210 1197 233 1206 234 1206 235 1207 291 1207 291 1206 292 1206 293 1206 293 1205 300 1198 335 1197 400 1205 401 1205 402 1205 403 1205 403 1204 412 1196 441 1204 442 1204 444 1204 476 1196 497 1205 498 1205 499 1206 551 1206 551 1205 552 1205 567 1196 631 1195 632 1185 629 1145 586 1147 585 1147 560 1156 491 1156 476 1147 475 1147 474 1147 473 1147 472 1147 453 1156 421 1156 412 1148 412 1147 411 1147 410 1147 408 1147 348 1156 335 1148 334 1148 333 1148 293 1148 292 1148 291 1148 290 1148 290 1149 281 1158 255 1158 246 1150 245 1150 244 1150 243 1150 242 1150 218 1156 127 1148 126 1148 84 1151 85 1187"/></Shape>
            <String CONTENT="Si mors tuæ ſaltem ſemel tyrannidi"
                    HPOS="84"
                    VPOS="1145"
                    WIDTH="548"
                    HEIGHT="62"
                    WC="0.9605234160142786"></String>
          </TextLine>
          <TextLine ID="eSc_line_de04f84b"
                    TAGREFS="LT7"
                    BASELINE="83 1240 736 1240" 
                    HPOS="83"
                    VPOS="1202"
                    WIDTH="653"
                    HEIGHT="58">
            <Shape><Polygon POINTS="734 1209 688 1202 687 1202 686 1202 685 1202 676 1209 623 1202 622 1202 621 1202 606 1209 503 1202 502 1202 501 1202 484 1210 379 1210 372 1204 372 1202 371 1202 370 1202 345 1202 344 1202 343 1202 342 1202 342 1204 335 1210 296 1210 239 1202 237 1202 236 1202 235 1202 226 1210 139 1210 83 1202 83 1240 83 1251 179 1250 195 1257 196 1257 197 1257 198 1257 231 1248 260 1255 262 1255 263 1255 276 1248 297 1254 298 1254 299 1254 348 1248 412 1259 413 1259 496 1248 509 1259 510 1259 512 1259 513 1259 566 1252 619 1259 620 1259 621 1259 658 1250 673 1259 674 1259 675 1259 676 1260 736 1260 736 1240 736 1213 734 1209"/></Shape>
            <String CONTENT="Ponere uelis modum, &amp; cuiquam parcere,"
                    HPOS="83"
                    VPOS="1202"
                    WIDTH="653"
                    HEIGHT="58"
                    WC="0.9858192754419226"></String>
          </TextLine>
          <TextLine ID="eSc_line_3b6da6a7"
                    TAGREFS="LT7"
                    BASELINE="84 1289 621 1286" 
                    HPOS="83"
                    VPOS="1247"
                    WIDTH="538"
                    HEIGHT="56">
            <Shape><Polygon POINTS="84 1289 84 1303 620 1297 621 1286 619 1258 593 1258 583 1248 583 1247 582 1247 581 1247 562 1247 561 1247 560 1247 559 1247 559 1248 548 1258 514 1258 496 1247 495 1247 494 1247 493 1247 492 1247 472 1258 422 1258 404 1248 403 1248 402 1248 361 1248 360 1248 359 1248 358 1248 358 1250 350 1257 327 1258 316 1250 316 1248 315 1248 314 1248 313 1248 312 1248 290 1257 282 1250 282 1248 281 1248 280 1248 262 1248 260 1248 259 1248 235 1259 190 1259 180 1251 180 1250 179 1250 178 1250 162 1250 161 1250 160 1250 158 1250 158 1251 150 1257 105 1252 104 1252 103 1252 83 1259 84 1289"/></Shape>
            <String CONTENT="Conferre debebas id in me benefici"
                    HPOS="83"
                    VPOS="1247"
                    WIDTH="538"
                    HEIGHT="56"
                    WC="0.9978740653570961"></String>
          </TextLine>
          <TextLine ID="eSc_line_2cd99cd7"
                    TAGREFS="LT7"
                    BASELINE="83 1340 704 1338" 
                    HPOS="82"
                    VPOS="1300"
                    WIDTH="622"
                    HEIGHT="61">
            <Shape><Polygon POINTS="83 1340 83 1351 99 1360 100 1360 101 1360 103 1360 127 1351 160 1351 199 1361 200 1361 201 1361 202 1361 203 1361 215 1351 260 1351 270 1359 271 1359 273 1359 274 1360 274 1359 275 1359 276 1359 286 1351 323 1351 336 1359 337 1359 338 1359 339 1359 340 1359 362 1351 391 1361 392 1361 393 1361 394 1361 416 1350 451 1358 452 1358 453 1358 468 1350 478 1357 479 1357 480 1357 481 1357 512 1350 524 1360 525 1360 526 1360 527 1361 592 1361 592 1360 593 1360 622 1350 641 1359 642 1359 643 1359 644 1359 657 1354 663 1359 663 1360 664 1360 665 1360 666 1361 704 1361 704 1338 702 1310 555 1300 554 1300 553 1300 552 1300 552 1301 543 1310 514 1310 505 1301 505 1300 504 1300 503 1300 480 1300 479 1300 478 1300 453 1309 403 1303 402 1303 401 1303 400 1303 388 1311 311 1311 286 1301 285 1301 283 1301 282 1301 281 1301 269 1310 245 1301 244 1301 243 1301 242 1301 241 1301 232 1309 218 1304 217 1304 215 1304 164 1310 146 1303 145 1303 144 1303 143 1303 121 1309 109 1301 108 1301 107 1301 106 1301 105 1301 82 1310 83 1340"/></Shape>
            <String CONTENT="In me puellulum, inquio, Chryſoſtomum,"
                    HPOS="82"
                    VPOS="1300"
                    WIDTH="622"
                    HEIGHT="61"
                    WC="0.9956008462529433"></String>
          </TextLine>
          <TextLine ID="eSc_line_ec31d152"
                    TAGREFS="LT7"
                    BASELINE="86 1391 684 1391" 
                    HPOS="86"
                    VPOS="1350"
                    WIDTH="598"
                    HEIGHT="61">
            <Shape><Polygon POINTS="86 1391 86 1408 299 1404 317 1411 319 1411 320 1411 321 1411 333 1405 429 1411 430 1411 431 1411 433 1411 440 1404 455 1411 456 1411 457 1411 458 1411 474 1404 616 1404 635 1409 637 1409 638 1409 684 1403 684 1391 684 1359 653 1350 652 1350 651 1350 620 1357 603 1350 601 1350 600 1350 599 1350 577 1360 535 1360 521 1350 520 1350 519 1350 518 1350 487 1357 480 1350 479 1350 478 1350 476 1350 475 1350 448 1359 424 1350 423 1350 422 1350 421 1350 402 1359 385 1350 384 1350 383 1350 382 1350 364 1360 263 1360 223 1350 222 1350 221 1350 220 1350 208 1360 185 1360 176 1351 176 1350 175 1350 174 1350 114 1350 112 1350 111 1350 86 1359 86 1391"/></Shape>
            <String CONTENT="Ob ſingularem maſculæ dotem indolis,"
                    HPOS="86"
                    VPOS="1350"
                    WIDTH="598"
                    HEIGHT="61"
                    WC="0.9935861710045073"></String>
          </TextLine>
          <TextLine ID="eSc_line_f36cd158"
                    TAGREFS="LT7"
                    BASELINE="89 1442 624 1439" 
                    HPOS="88"
                    VPOS="1403"
                    WIDTH="536"
                    HEIGHT="58">
            <Shape><Polygon POINTS="89 1442 89 1453 114 1453 121 1460 122 1460 123 1460 124 1461 157 1461 157 1460 158 1460 160 1460 172 1452 202 1458 203 1458 245 1452 254 1459 255 1459 256 1459 257 1459 290 1451 310 1458 311 1458 312 1458 340 1451 349 1458 349 1459 350 1459 351 1459 353 1460 392 1460 392 1459 393 1459 394 1459 404 1451 442 1459 444 1459 445 1459 446 1459 446 1458 453 1450 486 1458 487 1458 488 1458 503 1451 552 1458 553 1458 623 1453 624 1439 622 1411 497 1411 491 1404 491 1403 490 1403 488 1403 487 1403 444 1411 413 1404 412 1404 411 1404 410 1404 399 1411 359 1405 358 1405 325 1409 317 1404 316 1404 315 1404 314 1404 265 1409 234 1405 233 1405 232 1405 231 1405 220 1412 88 1406 89 1442"/></Shape>
            <String CONTENT="Qua me deus benigniter beauerat:"
                    HPOS="88"
                    VPOS="1403"
                    WIDTH="536"
                    HEIGHT="58"
                    WC="0.9614601694047451"></String>
          </TextLine>
          <TextLine ID="eSc_line_c2c1f0a1"
                    TAGREFS="LT7"
                    BASELINE="86 1493 629 1493" 
                    HPOS="86"
                    VPOS="1452"
                    WIDTH="543"
                    HEIGHT="76">
            <Shape><Polygon POINTS="86 1493 86 1515 174 1515 201 1528 202 1528 203 1528 231 1522 291 1528 292 1528 293 1528 312 1519 321 1527 321 1528 322 1528 323 1528 324 1528 440 1522 446 1527 447 1527 448 1527 449 1527 450 1527 451 1527 463 1518 501 1528 502 1528 503 1528 539 1520 560 1526 561 1526 562 1526 563 1526 586 1515 628 1519 629 1493 629 1462 596 1452 595 1452 573 1452 572 1452 571 1452 570 1452 570 1453 560 1462 474 1452 473 1452 472 1452 452 1460 441 1452 440 1452 439 1452 393 1452 392 1452 391 1452 390 1452 390 1453 379 1463 347 1463 321 1452 320 1452 319 1452 317 1452 286 1462 270 1452 269 1452 268 1452 267 1452 266 1452 240 1463 179 1463 146 1453 145 1453 144 1453 143 1453 123 1462 105 1454 104 1454 103 1454 86 1457 86 1493"/></Shape>
            <String CONTENT="Sed me necas uitæ ipſius in exordio,"
                    HPOS="86"
                    VPOS="1452"
                    WIDTH="543"
                    HEIGHT="76"
                    ></String>
          </TextLine>
        </TextBlock>
      </PrintSpace>
    </Page>
  </Layout>
</alto>
