1160 1972
327 140 306 58 EPITAPHIA.

67 196 711 71 Debet & hoc factum nulla ignorare uetustas

114 253 542 64 Obliuionis & omnis eſſe liberum.

172 301 634 83 Tumulus D. Vuendelini Bi¬

354 387 227 67 telbrunij.

73 449 673 61 Vuendlinus hac iacet Bitelbrunnius humo,

72 503 510 64 Iuris magiſter optimus ſcientiæ,

73 554 527 64 Fidißimus cognitor clientibus,

74 604 557 65 Idem longe Muſicus dulciſſimus,

73 658 669 54 Pius in Deum, natos, parentes, coniugem,

75 705 642 64 Patriam & in amicis colendis ſedulus,

74 758 571 60 Et commodus ſemper iocis & ſerijs.

78 808 679 58 Quem, quoniam ei talem eße non licuit diu,

78 855 565 66 Teſtetur hæc talem fuiſſe inſcriptio.

82 906 847 78 Tumulus Symonis Grynæi. Interlocu¬

172 984 665 77 tores Viator & Cyclopædia.

81 1053 850 65 Via. Quem uideo? certe fœmina eſt, mœret, adeo eam,

80 1106 695 61 Salue. Cy. ò, quod optas ore, ſi mihi re dares:

82 1156 726 64 Via. Quid ita? Cy. uirum, qui familia tota mea

80 1206 606 62 Sic familiariter uſus est, ut haud magis

83 1257 711 65 Quiſquam alius, ex quo nata fuit, amiſi, & in

80 1310 736 59 Eo ſalutem omnem meam. Via. quod nomen est?

80 1356 856 68 Cy. Mihi nè? Vi. tibi. C. Cyclopædiæ. Vi. ille ꝗs? C. Symõ

82 1412 740 59 Grynæus. Via. at quamnam familiam ais tuam?

81 1460 727 75 Cy. Grex diſciplinarum omnium paret mihi.

798 1507 99 66 Noui
