1160 1972
407 128 373 59 IOAN. SAPIDI

241 193 689 63 Via. Noui puellas, familiam certe inclytam.

240 246 721 62 Sed coluit omnes unus ille. Cy. omnes quidem.

244 300 673 49 Via. O delicium, is unus tot inter amiculas.

240 349 643 58 Quam luſitauit ſuauiter. Cy. paucis habe.

235 398 719 61 Cum primum adhuc puer in meum cœtum fuit

237 449 487 59 Admiſſus, ilico meæ uiſa indole

240 500 562 60 Tam nobili, cæpere amore proſequi,

237 549 678 61 Vt quibus erat perſuaſum amatum eri ſimul

239 599 562 58 Se mutuo à puero, ac eas planè nihil

240 648 545 61 Opinio fefellit, is enim cupidißime

236 701 711 61 Complexus est omnes, animo & oculis ferens,

235 750 669 60 Primum tamen ad aptas ſuo æuo & captui

235 800 668 64 Adiecit animum, à quibus, ut infimo gradu,

236 855 607 58 Seueriarum ad ſtudia paulatim appulit

236 902 686 64 Et omnibus ſe ita docilem & gratum obtulit

240 957 554 52 Vt intimis penetralibus recæperint

235 1001 579 60 Prorſus rerum eum nihil celauerint

235 1052 616 62 Sic ut iuuenis adhuc nihil non didicerit.

242 1107 662 58 Via. Proinde tres artes loquendi primitus

233 1154 670 63 Coluit. Cy. ita eſt. ſed breuiter audi ſingula

232 1208 636 56 Decreta Grammatices nihil nouit minus

233 1256 634 64 Quam Priſcianus, tam prope eloquentiæ

230 1310 618 58 Ciceronianæ acceßit, ut nemo propius,

232 1357 569 61 Cryſippon exæquauit in dialecticis,

226 1408 616 63 Non hoc Iopas melius increpuit lyram,

234 1457 576 73 Numeri ſcientia τὸν αὐτὸν rettulit,

945 1512 93 69 Talis
