1160 1972
328 122 313 55 EPITAPHIA.

76 188 601 61 Talis Geometer, qualis Archytas fuit,

72 241 622 59 Cognitionem habuit, ut Atlas, ſyderum,

73 292 606 56 De moribus conſimili Ariſtoteli modo

71 344 518 60 Diſſeruit & ſapientia cœleſtium,

74 393 573 58 Non Plinio phyſices priores detulit,

73 442 630 64 Non ceßit Hippocrati medendi indagine

75 495 552 56 Fuit alter Aurelius ſacris in literis,

76 546 581 58 Iam quid ſacræ non attigit Poæſeos?

77 595 640 62 Quid est relatu dignum in hiſtorijs nouis

71 645 525 60 Et ueteribus, ſimul miſcellaneis

76 696 532 62 In lucubrationibus, quod neſcijt?

75 748 557 59 Linguis Paleſtina, Latina & Attica

76 797 599 59 Non alter ac ſermone plebeio uſus est.

76 847 683 63 Sed quid opus est multis, fuit plane Hippias.

77 899 601 62 Aut alter aut uel præferendus Hippiæ.

85 954 828 53 Via. Magnum mihi narras uirum. Cy. uere tamen:

82 999 829 65 Via. Sed quid tibi hic negocij est? Cy. tumulum colo.

82 1049 678 62 Via. Puto tibi Grynei tui tumulum ſacrum,

82 1104 618 57 Vt Apollini huius nominis ſuum nemus.

80 1154 655 58 Cy. Recte putas, prius etenim mortalitas

78 1205 503 55 Habitura ius mei meæ familiæ

82 1253 700 61 Quam deſeram hunc locum, uolo hoc diutius

78 1309 632 58 Lugere mortuum meuum, quo gaudium

78 1355 566 60 Ex uiuo eo mihi miſeræ breuius fuit.

84 1403 687 66 Via. Miſeret tui me. Cly. iure miſeret te mei

82 1452 656 86 Sed nunc abi, colloquij & huius ſis memor.

796 1523 81 74 Quo
