1160 1972
483 110 354 60 IOAN. SAPIDI

257 167 799 64 Via. Quo ad uixero, fuere memoro, uale. Cy. uale.

267 222 839 75 Tumulus D. Fridrichi Comitis a Bei¬

281 295 800 80 chlingẽ Primarũ Argent. & Collo¬

370 369 561 79 nienſ. Eccleſiarum decani.

253 439 813 69 Ecquis adhuc æquam & mortem non dicat iniquam,

303 494 637 60 Quæ tollit cito quos æquum erat eſſe diu.

256 541 719 64 Quando tam cito Fridrichus Beichlingius, illud

296 592 585 59 Grande decus patriæ nobilitatis, obit?

256 643 601 61 Quo uiuo illius clarißima gloria gentis

288 694 570 61 Non uno fuerat nomine clara magis.

249 744 719 64 Nunc hæc, Argentoratum at Colonia mœret

298 794 552 61 Orbas ſe tali (proh dolor) eſſe uiro.

247 843 697 64 Occidit ille quidem, at totus non occidit, eius

286 893 614 64 Pars licet hoc fragilis ſit tumulata loco.

245 947 625 59 At melior pars æthereo gratiſſima cœlo

273 1000 611 51 Diuorum conſors ſemper honoris erit

324 1050 718 74 Tumulus Ioanmis Durhammeri.

249 1119 652 57 Tectus Ioannes hac Durhammerus arena.

290 1171 678 63 Valde integer, doctus, probus, prudens, pius.

251 1225 717 61 Qui quo creſcentes magis accedebat ad annos,

290 1273 508 62 Id quod fuit, fiebat indies magis.

241 1322 639 64 Et tandem ſeipſo melior maior futurus,

278 1377 584 61 Si mortis improbitas peperciſſet uiro.

249 1427 771 61 Quæ licet abstulerit tot uirtutum organon ipſum.

288 1477 672 65 Non, testimonium eius hoc, tamen, auferet.

873 1525 172 75 Epitaphi¬
