2275 3503
383 217 1695 84 tamen prudentes ingredi nolumus: partim, quod inſtituto meo parum re

389 284 1685 77 ſponderem, ſi altius procurrerem: partim, quod multi & pij & perquam

389 344 1679 86 eruditi uiri inuenti ſunt, qui iamdudum, & ſæpius, priuatim & publice,

389 406 1685 82 ore & calamo Germaniam noſtram hodie tam calamitoſam, & inſaniſſi¬

389 476 1685 76 mis motibus tumultuantem, miſerabiliter deplorarint, tantam indi¬

393 537 1681 89 gnitatem fortiſſimę liberrimę nationis deteſtati ſint: quibus in ea ipſa

387 603 1689 74 harena libenter cedimus, contenti nos herois nunquã ſatis laudati quali¬

393 673 1679 80 buſcun uerbis, ſed animo tamen pluſquã auidiſſimo meminiſſe. Verũ

393 733 1677 84 necdũ me a cępto procurſu reuocare poſſum, ut hoc quo adijciã. Hic

395 797 1677 86 em̃ mihi in mentẽ uenit Epigram̃a Ioannis Sapidi popularis mei, & ami¬

395 862 1679 81 corũ quos un chariſſimos & iuratiſſimos habui, multo omniũ chari¬

397 926 1679 85 oris, &, ut ſic dicã, iuratioris, q̊d is Epitaphij loco, in patris tui tũ uita fun

395 990 1681 90 cti honorẽ potius effudit quã ſcripſit: quodquia ingenioſum, acutum, iu¬

397 1058 1675 84 cundum, politũ, & quod aures ferire poſſit, me non temere, imo utiliter

397 1120 1669 96 facturum putaui, ſi huc accerſitis uerſiculis te eorum argutia oblectarem.

397 1185 946 79 Diuo Parca manus iniecit Maxmiliano,

463 1251 986 87 Quem tamen immunem neſcijt eſſe necis.

399 1315 1091 88 Nam ſuo dum rite putat ſe munere functam,

459 1385 861 76 En tres ex uno non bene cauta parit.

403 1444 1153 89 Vnus enim terra cubat, alter honeſtat Olympum,

467 1514 859 79 Tertius eſt claris ſemper in ore uiris.

393 1574 1681 87 Sed hæc de Maximiliano, cuius famam cum ſumma gloria, prouecta ue

391 1642 1679 84 tuſtas ſemper magis magiſ grandeſcere at eniteſcere faciet, hæc in

393 1708 1677 82 dicta nobis ſufficiant, plura fortaſſis ſuo loco & commodiora dicturis.

397 1770 1679 88 Supereſt, ut & amplitudini tuę ſcripti mei rationẽ quo reddam: de quo

395 1841 1679 75 ſic habeat. Inſtitueram a principio, imo iam incæperam commentarios

399 1901 1679 89 iuſtæ tractationis in ſacroſanctum hoc noſtrum pöema, procudere, at

401 1969 1673 84 id quidem nõ ſine parentis tui perſuaſione: quo uero argumento permo

399 2035 1677 78 tus id fieri uoluerit, non eſt huius loci longius commemorare: leue enim

397 2095 1677 84 eſſe non potuit, quod tam circumſpectus Princeps tantopere cupiebat:

399 2160 1677 85 ſed quia opus infinitis modis excreſcere uidebat̃, ſic ut multis dictis plu

397 2226 1677 87 ra dicenda ſemper accederent, uiſum eſt amicis meis, acerrimi iudicij ui¬

401 2300 1675 66 ris, quibus ego, propriæ ſententiæ parum tribuens, ſpecimen & guſtum

399 2354 1675 88 eius fœturæ exhibui, ut ſcilicet habita ratione ſtudioſorum noſtri ſeculi,

399 2420 1679 84 ut plurimũ breuitate, ſed eadẽ iucũda, minime obſcura delectantiũ, ab

401 2485 1677 79 inſtituto recederẽ, contractiſ cęptis commentarijs in compendiũ, ſcho¬

401 2549 1675 87 lia potius ſcriberem Parui ita ſapienter monentibus, reducto calculo

401 2617 1681 82 compendiariaſ haſce añotationes cõſcripſi, quas tibi unice meo Mœce

399 2687 1681 68 nati, unice dedicatas, unice com̃endo:ut ſcilicet tanto com̃endatiores ꝓdi

399 2747 1681 86 rent in publicũ, quanto tu ipſas pronioribus ulnis in complexũ ſuſcipe¬

399 2814 1681 81 res: quod te per tuam amplitudinẽ oro, quã ſeruator leſus diu ſeruare di

401 2874 1671 123 gnet̃. Seleſtadij Anno ab orbe redempto. M. D. XXXI. Cal. Auguſti.
