1161 1744
200 127 847 38 tamen prudentes ingredi nolumus: partim, quod inſtituto meo parum re

203 152 843 44 ſponderem, ſi altius procurrerem: partim, quod multi & pij & perquam

206 184 837 47 eruditi uiri inuenti ſunt, qui iamdudum, & ſæpius, priuatim & publice,

206 223 840 40 ore & calamo Germaniam noſtram hodie tam calamitoſam, & inſaniſſi¬

206 252 840 45 mis motibus tumultuantem, miſerabiliter deplorarint, tantam indi¬

208 286 838 42 gnitatem fortiſſimę liberrimę nationis deteſtati ſint: quibus in ea ipſa

206 316 840 40 harena libenter cedimus, contenti nos herois nunquã ſatis laudati quali¬

206 348 838 40 buſcun uerbis, ſed animo tamen pluſquã auidiſſimo meminiſſe. Verũ

208 379 835 45 necdũ me a cępto procurſu reuocare poſſum, ut hoc quo adijciã. Hic

209 412 835 44 em̃ mihi in mentẽ uenit Epigram̃a Ioannis Sapidi popularis mei, & ami¬

209 441 837 47 corũ quos un chariſſimos & iuratiſſimos habui, multo omniũ chari¬

206 478 840 42 oris, &, ut ſic dicã, iuratioris, d is Epitaphij loco, in patris tui tũ uita fun

209 507 838 45 cti honorẽ potius effudit quã ſcripſit: quodquia ingenioſum, acutum, iu¬

209 540 837 44 cundum, politũ, & quod aures ferire poſſit, me non temere, imo utiliter

209 576 834 47 facturum putaui, ſi huc accerſitis uerſiculis te eorum argutia oblectarem.

209 613 470 38 Diuo Parca manus iniecit Maxmiliano,

244 640 486 44 Quem tamen immunem neſcijt eſſe necis.

209 668 543 47 Nam ſuo dum rite putat ſe munere functam,

241 704 425 41 En tres ex uno non bene cauta parit.

212 732 575 49 Vnus enim terra cubat, alter honeſtat Olympum,

244 768 423 45 Tertius eſt claris ſemper in ore uiris.

206 797 840 45 Sed hæc de Maximiliano, cuius famam cum ſumma gloria, prouecta ue

206 832 838 45 tuſtas ſemper magis magiſ grandeſcere at eniteſcere faciet, hæc in

206 866 835 43 dicta nobis ſufficiant, plura fortaſſis ſuo loco & commodiora dicturis.

209 898 838 48 Supereſt, ut & amplitudini tuę ſcripti mei rationẽ quo reddam: de quo

206 934 840 39 ſic habeat. Inſtitueram a principio, imo iam incæperam commentarios

208 967 839 43 iuſtæ tractationis in ſacroſanctum hoc noſtrum pöema, procudere, at

209 998 837 44 id quidem nõ ſine parentis tui perſuaſione: quo uero argumento permo

210 1034 836 40 tus id fieri uoluerit, non eſt huius loci longius commemorare: leue enim

210 1066 836 38 eſſe non potuit, quod tam circumſpectus Princeps tantopere cupiebat:

210 1094 837 41 ſed quia opus infinitis modis excreſcere uidebat́, ſic ut multis dictis plu

209 1126 837 46 ra dicenda ſemper accederent, uiſum eſt amicis meis, acerrimi iudicij ui¬

210 1161 837 36 ris, quibus ego, propriæ ſententiæ parum tribuens, ſpecimen & guſtum

210 1196 836 37 eius fœturæ exhibui, ut ſcilicet habita ratione ſtudioſorum noſtri ſeculi,

210 1223 837 39 ut plurimũ breuitate, ſed eadẽ iucũda, minime obſcura delectantiũ, ab

210 1255 837 42 inſtituto recederẽ, contractiſ cęptis commentarijs in compendiũ, ſcho¬

210 1290 837 42 lia potius ſcriberem Parui ita ſapienter monentibus, reducto calculo

210 1326 838 38 compendiariaſ haſce añotationes cõſcripſi, quas tibi unice meo Mœce

209 1355 839 38 nati, unice dedicatas, unice com̃endo:ut ſcilicet tanto com̃endatiores ꝓdi

209 1385 838 40 rent in publicũ, quanto tu ipſas pronioribus ulnis in complexũ ſuſcipe¬

209 1422 838 37 res: quod te per tuam amplitudinẽ oro, quã ſeruator Ieſus diu ſeruare di

209 1447 835 65 gnet́. Seleſtadij Anno ab orbe redempto. M. D. XXXI. Cal. Auguſti.

606 1576 92 63 Bayerische

584 1619 130 49 Staatsbibliothek

613 1652 73 46 MÜNCHEN
