1200 1815
292 169 646 110 EPISTOLA

146 263 796 75 V. FABRITII CAPITONIS, AD

140 320 801 83 Hulderichum Zuinglium, quam ab Heluetijs forte

142 385 797 73 interceptam, D. Ioan. Faber Cõſtantienſis in Ger¬

190 444 705 70 manicum uerſam deprauauit, una cũ duabus

248 494 593 79 Epiſtolis, quibus illũ Concionatores

296 556 498 68 Argentinenſes ad collationem

394 612 305 71 ſcripturarum pro¬

458 673 168 59 uocarunt.

142 721 797 83 Quibus cognoſces Lector, qua arte, dolo, impo¬

249 783 589 76 ſtura & perfidia, Capitonem ut op¬

326 840 435 78 primeret Faber adorſus ſit.

431 922 195 65 In Fabrum.

187 968 556 69 ὡς ἥφαιστος ἀεὶ κλυτόμητις ἔγειρε γέλωτα.

243 1014 539 75 ἄσβεστόντε πᾶσι, καὶ μέγα χάρμα θεοῖς,

187 1064 646 77 ὡσαύτως ὁμότεχνος ἐν ἀνθρώποις πολυπράγμῶν

245 1108 469 76 οὗτος μωροσόφων ἔξοχός ἐστι φάβηρ.

187 1166 649 89 Excitat ut riſum ſemper Vulcanus Olympo,

225 1222 552 74 Continuó refert gaudia magna deis.

184 1275 614 74 Inter mortales ſic multa negotia tractans,

220 1321 529 85 Et ſtulte ſapiens est Faber egregius.

434 1382 175 59 ALIVD

190 1421 751 79 Tempora quid faciunt? patrẽ olim Chriſtus habebat

231 1477 651 77 Fabrum, nunc hostem cœpit habere Fabrum.
