1177 1821
466 121 325 77 IN FABRVM.

252 200 691 82 Ne quis forte putet ſi cui Faber obuiet iſte,

303 256 573 82 Qui niſi ſacrilegas fabricat inſidias,

249 318 770 75 Non eſt Lemniacos qui condit & excitat ignes,

303 373 580 77 Ora tamen ſimilis, cætera dißimilis,

252 432 672 71 Nanque licet tractent ambo fabrilia fabri.

303 497 597 64 At uariant dominis, uſibus, arte, loco,

250 546 662 61 Ille Ioui fulmen parat, hic mendacia Diti.

300 602 665 59 Ille igne, hic fumis, quod facit, aptat opus.

252 655 736 68 Ille ſpecum colit, hic regalem principis aulam.

302 710 694 68 Ille deus, uerum hic nec deus eſt nec homo.

255 764 697 73 Ille unam Venerem, multas hic permolit. Illi

303 820 741 84 Crus claudũ, lingua et pectore claudus hic eſt.

255 880 660 77 Ille tegit durum ſquallenti corpus amictu,

305 934 635 70 Induit hic teneram ueſte nitente cutem.

255 987 671 85 Ille fuit præceps in terram truſus Olympo,

305 1048 597 70 Hic terra in Stygias deijcietur aquas.

255 1100 674 86 Noſcitur his ſignis Fabro Vulcanus ab iſto,

323 1157 553 99 Qui niſi ſacrilegas fabricat inſidias.
