1000 1532
245 137 539 100 EPISTOLA

121 212 664 70 V. FABRITII CAPITONIS, AD

117 268 668 66 Hulderichum Zuinglium, quam ab Heluetijs forte

118 320 666 61 interceptam, D. Ioan. Faber Cõſtantienſis in Ger¬

158 368 589 55 manicum uerſam deprauauit, una cũ duabus

206 409 496 69 Epiſtolis, quibus illũ Concionatores

247 460 417 62 Argentinenſes ad collationem

328 510 254 59 ſcripturarum pro¬

383 559 140 52 uocarunt.

118 597 668 75 Quibus cognoſces Lector, qua arte, dolo, impo¬

205 653 494 64 ſtura & perfidia, Capitonem ut op¬

272 700 364 63 primeret Faber adorſus ſit.

362 767 161 53 In Fabrum.

155 805 466 63 ὡς ἥφαιστος ἀεὶ κλυτόμητις ἔγειρε γέλωτα.

203 847 449 56 ἄσβεστόντε πᾶσι, καὶ μέγα χάρμα θεοῖς,

157 884 539 67 ὡσαύτως ὁμότεχνος ἐν ἀνθρώποις πολυπράγμῶν

204 924 392 62 οὗτος μωροσόφων ἔξοχός ἐστι φάβηρ.

157 970 541 76 Excitat ut riſum ſemper Vulcanus Olympo,

187 1020 461 62 Continuó refert gaudia magna deis.

154 1054 511 70 Inter mortales ſic multa negotia tractans,

183 1101 441 69 Et ſtulte ſapiens est Faber egregius.

158 1183 627 65 Tempora quid faciunt? patrẽ olim Chriſtus habebat

362 1145 146 55 ALIVD

194 1229 544 61 Fabrum, nunc hostem cœpit habere Fabrum.
