588 909
231 60 163 40 IN FABRVM.

125 98 345 42 Ne quis forte putet ſi cui Faber obuiet iſte,

151 128 286 41 Qui niſi ſacrilegas fabricat inſidias,

124 156 384 44 Non eſt Lemniacos qui condit & excitat ignes,

151 187 290 37 Ora tamen ſimilis, cætera dißimilis,

125 214 336 39 Nanque licet tractent ambo fabrilia fabri.

151 247 299 33 At uariant dominis, uſibus, arte, loco,

125 274 330 32 Ille Ioui fulmen parat, hic mendacia Diti.

150 299 332 35 Ille igne, hic fumis, quod facit, aptat opus.

125 325 369 38 Ille ſpecum colit, hic regalem principis aulam.

150 352 347 34 Ille deus, uerum hic nec deus eſt nec homo.

127 381 348 39 Ille unam Venerem, multas hic permolit. Illi

152 409 370 47 Crus claudũ, lingua et pectore claudus hic eſt.

127 437 330 40 Ille tegit durum ſquallenti corpus amictu,

152 466 317 36 Induit hic teneram ueſte nitente cutem.

127 493 336 44 Ille fuit præceps in terram truſus Olympo,

152 521 298 40 Hic terra in Stygias deijcietur aquas.

127 549 337 46 Noſcitur his ſignis Fabro Vulcanus ab iſto,

159 577 280 49 Qui niſi ſacrilegas fabricat inſidias.
