2263 3600
758 290 642 72 Synceræ niſi mentis eſſet index

764 350 854 68 Cor, cui flamma potens pepercit, & quod

764 400 760 70 Pallentem in cinerem nequit reſolui,

764 456 690 70 Igni corpus ubi datur uorandum.

764 508 812 74 Nam́ hæc dum meditor, celer reſurgit

760 566 662 66 In laudes animus frequentiores

762 618 786 70 Chriſti, qui pugilem ſuum ſequentem

750 678 632 64 Geſtata cruce fortiter, caduca

758 728 634 64 Exutum trabea polo coronat,

762 786 602 72 Et ſolatia perpetim fruenda,

762 838 682 92 Nullis mixta malis tibi miniſtrat.

820 976 1150 80 EPITAPHIVM ZVINGLII PER EVNDEM D.

962 1034 894 80 HENRICVM LVPVLVM, ubi nomen Huldri¬

1082 1084 596 82 chus per ſingulos caſus inflexum eſt.

753 1188 236 261 Q

994 1174 984 94 VOD Moſes uerpis olim, quod Paulus Achiuis,

1020 1258 1024 70 HVLDRICHVS Tiguris ZVINGLIVS uſ fuit.

990 1306 1038 80 Inconcuſſa manent HVLDRICHI dogmata, duro

1020 1358 766 74 Eloquijs ueluti nixa adamante ſacris.

750 1412 1220 88 Non nocet HVLDRICHO, quantum hunc deuouerit orco

796 1470 798 70 Impia gens, cunctis dedita criminibus.

740 1524 1044 80 HVLDRICHVM ſuperi gaudent fudiſſe cruorem,

790 1578 778 82 Cum́ ſuo Chriſto perpete pace frui.

740 1624 1054 94 Morte HVLDRICHE tua, uirtus, induſtria, robur,

782 1686 742 70 Relligio patriæ, ſemiſepulta dolent.

732 1728 1242 102 Stulte, quid HVLDRICHO conaris ZVINGLIO adempto

772 1798 876 80 Perdere? num famam? laude perennis erit.

800 1964 1076 84 VLRICHO ZVINGLIO HEROI FORTISS.

1070 2018 522 86 pijßimo, ac clarißimo, ſacrum.

1022 2114 1072 92 VAESIIT amiſſum Mars longo tempore Zuinglum,

1060 2178 774 72 Olim delicias, ſpem́ decus́ ſuum.

1016 2228 898 76 En reperit placidum bellis colludere Muſis,

1068 2286 664 78 Ac mire ſtudijs inuigilare ſacris.

1018 2342 958 74 Cui Deus infrendens: Nos hic te perfide tandẽ?

770 2398 760 64 Et mox à libris traxit ad arma uirum.

722 2446 990 80 Dixit &, ut rigido fuit hauſtum corpus ab hoſte:

784 2506 826 68 Heu cur hunc totum non abolere licet?

724 2556 970 78 Norat enim cœleſti animam regione receptam,

778 2614 752 110 Nomen & æterna nobile laude uehi.

1666 2650 458 132 Io. Sapidus faciebat.

735 2088 278 333 Q
