1699 2255
241 125 1035 72 corpore ereptas, unde non minus libenter emi£

246 185 1020 76 grant, quam auitium, quod non diu captum,

244 245 1023 75 tedio tamen inuiſæ captiuitatis dimiſſum, con¬

245 305 1021 74 feſtim euolat, & hæc ſunt uitæ ueſtræ bene for¬

245 369 1021 73 tunata ſcilicet auſpicia, quibus quottidiano

250 434 1015 74 progreſſu maior at maior malorum cumu¬

248 494 1019 71 lus accedit. Illa uos in ſeruitutem dominorum

249 552 1018 76 mundi, uidelicet (ut hic Theologam agam)

246 613 1019 77 carnis & diaboli tradit, ego meram & iucun¬

246 677 1016 72 dam libertatem uobis recupero. Illa uos ærum

246 740 1019 73 noſis laboribus implicat, ego mea benignitate

244 804 1020 70 fretos ex curarum Labyrintho in ſecuram qui¬

243 865 1019 75 etem educo. Dum in uita commoramini, ſi mo£

244 925 1017 73 do uita eſt, cui tãtopere timetis, & quam omni£

243 987 1018 70 bus anteponitis, perpetuis tenebris circumfu¬

239 1048 1021 74 ſi, errabundi ambulatis, pedes nuſquam non

241 1111 1018 69 impingentes, per me autem uobis lux inextin¬

240 1171 1022 75 guibilis accenditur, cuius claritate & ſplendore

238 1232 1022 72 omnia ſecreta, et altiſſime recondita intueri con£

239 1292 1020 73 ceditur: Illa undas & fœcundã ſegetem pericu£

240 1354 1021 74 lorũ uobis profert, ego zizanijs radicitus euul£

238 1415 1018 74 ſis, & fluctibus compoſitis, uos in portum re¬

238 1479 1019 71 ceptos, in tutum colloco: Illa ſuperſtite, uanarũ

235 1538 1025 85 rerum cupiditate incendimini, ego hac fracta

843 1602 160 81 B iij

1083 1609 167 75 omni¬
