1678 2256
386 105 1027 77 templi inter precationem nuncupatoriam nun£

383 169 1027 76 ciaretur filium uitam cum morte commutaſſe,

385 228 1025 79 in pontificio officio perſtitit, ne manu quidẽ,

385 293 1028 75 quam poſti admouerat, retracta, nimirum ſi¬

390 354 1027 77 gnificans publicam religionem priuato affectu

390 416 1024 76 pręponendã eſſe. Quum Po. Romanus duorũ

383 477 1032 83 impuberum filiorum Pauli Aemilij interitum

382 545 1030 70 doleret, quorum alterum paulo ante, alterum

386 604 1022 74 paulo poſt triumphalem honorem amiſerat,

381 666 1024 77 ipſe progrediens, concionem populi hac ora¬

381 729 1026 73 tione, Valerio Maximo autore, cuius uerba

378 787 1027 77 ſubſcribam, conſolatus eſt. Cum in maximo

381 852 1019 75 prouentu fœlicitatis noſtrę Quirites timerem,

376 912 1029 80 ne quid mali fortuna moliretur, Iouem opti¬

367 977 1038 73 mum maximum, Iunonem́  & Mineruam

377 1037 1028 80 precatus ſum, ut ſi aduerſi quid Po. Ro. immi¬

372 1106 1030 70 neret, totum in meam domum conuerteretur,

362 1164 1041 78 quapropter bene ſe habet res, annuendo enim

372 1230 1030 72 uotis meis id egerunt, ut uos potius meum ca¬

373 1289 1031 77 ſum doleatis, quam ego ueſtrum ingemiſce¬

374 1348 1028 78 rem. O uocem inſignem et dignam ſumma ma£

376 1410 1022 81 gnanimitate, declarauit enim pijſſimus uir, pa£

369 1471 1030 76 triæ ſalutem ſibi longe chariorem liberorum

369 1532 1029 77 uita fuiſſe. Quintus Martius Rex ſacrorum,

366 1590 1031 89 eodem Valerio referente, filium ſuum, quem

1257 1654 120 75 uni¬
