1687 2249
267 94 1041 77 non raro pręſtitiſti, ſic nunc in primis idem te

267 154 1028 77 facere decebit, & qui alios cõſolando mirabili¬

267 219 1021 74 ter ab imbecillitate male adfecti animi abducis,

268 282 1015 77 tibiipſi quo ita medearis, ut facultatis tuæ,

267 343 1022 76 alios conſolandi, nunc demum in teipſo ſpeci¬

269 403 1015 76 men exhibeas. Sed uereor ut hic tibi tam effi¬

268 467 1016 77 cax medicus futurus ſis, quam hactenus alio¬

266 531 1017 69 rum fuiſti: ita enim natura comparatum eſt,

266 589 1013 75 ut alijs conſolando ſatis oculati & cauti ſimus,

263 654 1020 71 ubi uero nosipſi uulneribus ſcatemus, tum ma£

262 715 1022 73 xime aliunde, nihil domi ſapientes, conſilium

261 778 1018 72 & medicinam petimus, cauſa eſt, deſtituimur

262 842 1016 71 uirtute nobisipſis cõmodandi, quum animus

263 902 1019 75 morbo, ex aliqua aduerſitate, oborto, exulcera¬

259 963 1021 74 tur. Quoniam autem huius affectionis, quam

258 1029 1024 69 modo dixi, te prorſus expertem non puto, ut

258 1088 1024 71 cuius ſignificatio nuper inter cœnãdum apud

257 1153 1018 65 me, ex uultus tui mutatione non exigua fiebat,

256 1213 1021 76 iudicaui meas eſſe partes, ut quod tibi in teip¬

254 1271 1021 73 ſum ſubleuando deeſt, ego quam poſſem ami¬

253 1331 1022 72 cabili cõſolatione compenſarem. Verum cum

256 1394 1016 75 de æquiſſima lugendi cauſa, quam habes cogi¬

253 1460 1022 68 to, deterreor iniquitate, cuius, tanquam illicita

256 1519 1019 87 abs te petens, inſimulari potero. Rurſus ubi ad

1135 1594 137 71 uani¬
