1692 2256
266 107 1034 78 uideat omnibus ex æquo moriendum, non

275 169 1025 84 perpendat ſe quo in hoc uitam accepiſſe,

273 231 1022 77 ut eam Deo ſtato tempore non ui auferenti,

273 289 1021 87 ſed iure repetenti reddat. Quid ita hac com¬

271 358 1024 71 munis omnium animantium mortalitatis re¬

271 416 1026 76 cordatione, homini maiori leuationi eſſe poſſit

271 477 1019 78 non uideo, ſi hæc non poteſt. An non inſigni¬

271 543 1022 73 ter ineptiret, qui pecuniam mutuo acceptam,

271 600 1026 79 creditori ſuo, non niſi grauatim ac coactus, re£

271 663 1021 78 ſtitueret? quanto magis nobis cauendum eſt,

273 723 1017 80 ne dum ob uita defunctos, omnia querelis im¬

274 787 1020 79 plemus, multo ineptius faciamus. Videmur

271 848 1023 76 enim cum Deo omnis uitæ ſpontaneo credito£

265 907 1028 80 re, de iniuria nobis facta, temere expoſtulare.

274 972 1019 75 Quod ſi cuiuslibet rei conditionem, quę in ho£

269 1035 1025 74 mine non minus naturaliter hæret, quam in

271 1094 1021 79 alijs, propius inſpiciemus, mortuos quidem

268 1160 1021 73 non mirabimur, nedum plorabimus: nemo

268 1222 1025 71 enim tam rudis rerum communium, qui mira£

269 1280 1024 76 tur uitrum fractum, quum fuerat fragile, lignũ

268 1341 1022 74 fiſſum, quum fiſſile, metallum fuſum, quum fu£

269 1403 1023 73 ſile, uimen flexum, quum flexile, aut aliquod

270 1467 1020 70 aliud tale, & mirabimur mortuum eſſe, quod

271 1532 1021 74 mortale fuit? Sed hoc mirum, quum mori ęque

1034 1588 65 109 B

1176 1596 111 69 non
