1681 2246
394 89 1031 80 Proinde, quantum ex his liquet, perparum

391 158 1030 72 mellis, multum uero aloes uitæ ineſſe non pau¬

393 219 1028 75 ci oneroſa moleſtia longæuę uiuacitatis, uere et

393 280 1025 73 ſatis periculoſe didicerunt. Ite nunc uecordes

394 341 1026 77 & inſanientes mortales, & in me uenenoſas lin¬

398 404 1025 78 guas uibrate, mihi optime de uobis merenti

394 466 1026 75 quam peſſime precemini, me omnium malo¬

396 527 1017 75 rum peſſimam exiſtimantes,uitam uero ue¬

391 590 1021 77 ſtram ſummum bonum ſomniate, illam cele¬

393 652 1029 76 brate, colite, defendite, & ueſtram quando ita

391 716 1032 73 lubet, mentem obtinete. Hac & ſimili oratione,

391 778 1035 74 ſi daretur morti conceſſa uoce cum homini¬

391 838 1030 76 bus loqui, quem non pœniteret pudendi de ea

391 898 1034 74 iudicij? Iam ad te reuertimur, poſſum tibi Eth¬,

390 965 1035 73 nicorum uirorum & mulierum ſexcenta inde¬

390 1029 1037 74 lebilis memoriæ exempla commemorare, qui

385 1089 1038 76 mortem ſuam & ſuorum, non modo non de¬

388 1152 1042 77 fleuerunt, uerumetiam inconcuſſa animi forti¬

389 1212 1036 79 tudine contempſerunt, & ut pauca ex multis

393 1273 1034 79 proferam, ne debito longior ſim. Quid Ana£

388 1333 1037 83 xagoræ Clazomenij in exilium pulſi reſponſo,

386 1397 1042 76 robuſti animi certius indicium faciat, qui nun¬

388 1459 1042 82 ciantibus mortem filiorum, ſciebam inquit, ex

388 1521 1043 79 me genitos eſſe morti obnoxios. Quum eidem

388 1574 1047 95 moriendi neceſſitas denunciata eſſet, reſpondit

1297 1654 114 92 eam
