1688 2253
272 110 1021 86 rum incommodis expoſitam, quæ omnia ſta¬

274 178 1022 77 tim ab ingreſſu natiuitatis intentantur, nec an¬

274 237 1022 84 te ſupręmum exitum finiuntur. Quid quod

275 301 1018 80 nulla ætas uitæ mortalium ab inſidijs, aut iniu¬

275 359 1019 84 ria peculiaris cuiuſquam uicij aut morbi ſecura

277 420 1016 83 ſit ? Aſpice infantiam, quam imbecillam inue¬

277 483 1017 85 nias, conſydera pueritiam, quid ignauius, quid

277 548 1015 80 aduleſcentia procliuius ad libidinem? quis ne¬

277 608 1014 79 ſcit iuuentutem conſiliorum expertem? uiri¬

276 669 1013 83 lis ætas quot & quantis curis diſtrahatur, ne¬

276 732 1013 86 mo ignorat, iam uero miſeria ſenectutis, ad

274 796 1014 82 quam, præter ſingularem moleſtiam, aceruus

276 857 1015 74 omnium malorum confluit, ita nota eſt, ut in

275 914 1016 84 tonſoria officina nihil notius, uel dici, uel audi¬

272 978 1015 82 ri poſſit. Hęc ſi quis animo ſecum peragat, quis

274 1042 1017 78 tam excors eſſe poſſet, ut non intelligat eos pla£

274 1103 1018 76 ne humanitatem exuiſſe, qui luce hac, imó tene£

272 1161 1019 81 bris hiſce orbatos, inconſolabiliter deflent, qui

272 1224 1016 81 inter oris eiulatus, pectoris planctum, lachry¬

272 1287 1016 74 marum profuſionem, comarum euulſionem,

275 1344 1013 79 faciei cruentam dilacerationem, alias́  luctuo¬

275 1406 1018 82 ſas ineptias, & ridicula delyramenta nõ ceſſant

280 1473 1011 75 mortem, ut maximam peſtẽ, impudenti impati£

280 1530 1011 87 entia, & animi amaritudine abominari, deteſta

938 1599 132 73 B ij

1164 1590 127 92 ri, &
