1690 2255
280 86 1026 94 populum Euangelicam philoſophiam docuit.

271 152 1034 87 Sub ueſperam eiuſdem diei à funere curato re¬

271 219 1035 86 diens, non minori admiratione, maiori tamen

271 275 1033 95 audientium multitudine, nulla prorſus luctus

280 342 1025 88 proditione, in ſummo templo concionatus eſt.

275 400 1026 89 Exiſtimauit pius Dei miniſter nullum priua¬

276 466 1031 87 tum caſum, quamlibet calamitoſum, debere pu¬

278 524 1027 92 blicum, & maxime religionis officium impedi£

279 587 1023 93 re. Idem amiſsis poſt coniugis mortem tribus

278 650 1022 91 filiabus, Eliſabetha ſedecim, Sara quatuorde¬

278 710 1024 91 cim, Fœlicitate tres annos nata, & filiolo Mar¬

278 776 1026 89 tino uixdum ſeſquialterum egreſſo, eadem to¬

281 839 1028 81 lerantia atroci mortis incurſui ſeſe oppoſuit, et

278 899 1027 91 ſic quo hæc illum inclementius perſequuta fu¬

278 963 1027 89 it, hoc ipſe Theologia conſolatrice animi ro¬

278 1023 1031 91 bur magis at magis auxiſſe uiſus eſt, qua ut

279 1087 1032 89 iam diu aliorum afflictiones dextro quodam

279 1145 1025 87 delinimento auertit, ita ſeipſum in tanta ſuo¬

279 1207 1028 93 rum clade nunc quo erexit. Næ hac diſcipli¬

281 1272 1025 88 na nulla alia eſt, ex qua efficatius remedium ad

279 1334 1022 85 ferendum omnem aduerſitatis tempeſtatem,

284 1400 1025 84 percipi poteſt, quæ amaritudo tam acerba,

284 1461 1021 84 quam non in dulcorem conuertit? quæ tem¬

288 1524 1017 85 peſtas tam ſæua, quam non tranquillat? quod

283 1584 1031 102 diſſidium tam inteſtinum, quod non in placi¬

1032 1644 63 107 D

1171 1655 135 79 dam
