1679 2256
374 96 1030 81 ueſtitu & uultu, templum ingreſſus eſt, unde

382 160 1022 80 poſt precationem Deo conſecratam, ad ſuos

378 218 1026 80 rediens, lotus & unctus alacriter cibum ſum¬

383 280 1021 85 pſit, quod quum familiaribus eius prępoſte¬

377 345 1024 79 rum factum uideretur, ut qui uiuum luxiſſet,

376 406 1025 82 defunctum hilaritate proſequeretur, reſpon¬

376 470 1027 78 dit, dum paruulus uiueret, de meo luctu mihi

381 533 1022 82 promittebam Dei miſericordiam, nunc autem

378 592 1021 84 illo mortuo, lugubri officio non opus eſt, ut¬

379 659 1021 80 pote qui irreuocabilis, ad nos reuerti non po¬

377 718 1023 84 teſt, nos autem præcedentem neceſſario ſeque¬

374 782 1027 80 mur. At ſcio hic amorem tuum ſubmurmura¬

374 842 1029 80 re, illum ſcilicet pręmatura morte uitam deſeru£

374 906 1027 81 iſſe. An ullum tempus dici debeat præmatu¬

373 967 1032 83 rum ad moriendum neſcio, quum puer (medi£

376 1034 1029 78 as ætates prætereo) hodie natus, lege mortis

374 1092 1032 81 æque ac, annoſus & decrepitus ſenex teneatur:

373 1153 1030 84 uidemus enim plures infantes ſtatim in lucis

374 1215 1025 80 ueſtibulo, uita orbari, quam ex infinita eorun¬

377 1274 1031 83 dem turba ſenectutem adipiſci, cuius quidem

377 1329 1023 91 rei quottidianum periculum facimus. Vnde

378 1397 1021 81 nemo mortẽ immaturitatis iure accuſat, quan¬

377 1460 1024 81 do nulla dies, nulla hora, nullum momentum

379 1517 1026 87 cui certo præfixum ſit, ut ſciat, aut dicere poſ£

376 1581 1020 95 ſit hoc die, hora, momento moriar. De his non

1197 1646 176 87 loquor
