1704 2258
269 85 1038 76 heus tu, an non quæ diximus, materies apta &

276 148 1030 75 digna hoc loco? perſuaſi enim mihi, hanc com¬

273 217 1034 67 memorationem te nonnulla uoluptatis perce¬

274 270 1030 79 ptione pertentaſſe, & delinijſſe, quoniam fili¬

274 338 1034 75 um non magis at patrem ſemper coluiſti &

274 398 1030 74 obſeruaſti, propterea nihil mirum, ſi quam nu¬

279 462 1020 71 per ex mentione mortui filij domi meę habita,

274 523 1029 71 moleſtiam cœpiſti, præſens ſermo, in quem de

276 587 1022 70 uiuo parente incidimus, paululum ſedarit.

277 646 1027 75 Quod ſi mea opinio me non fallit, bene eſt &

277 712 1026 75 gaudeo, nec grauarer quo, ſi ea in meo inge¬

274 775 1029 71 nio eſſet facultas, nihil eorum intermittere, qui£

276 835 1022 65 bus adducereris, quo minus dolori pareres.

274 898 1032 69 Age ergo, ſi me audies, tuæ tranquillitati unice

273 957 1028 75 cõſulentem, deſerto defuncto totus ad uiuum

273 1021 1029 75 amicum perfugies, quicquid enim rerum te di£

273 1081 1026 73 ſcruciantium in illo amiſiſti, huius bonis reſar¬

271 1144 1026 72 cies. Dolet tibi fortaſſis uehementer in filio in¬

274 1208 1023 71 terijſſe communem uſum, & conſuetudinem

274 1268 1023 74 uitæ, aditum, congreſſum, familiaritatem, col¬

274 1335 1023 71 loquia, conſilia, & alia, quæ non parum mo¬

274 1394 1022 68 menti habent ad contrahendas, colendas & re¬

281 1458 1018 71 tinendas amicitias, magna quidem iactura &

278 1519 1020 72 lachrymis digna, niſi conſtaret ea in genitore

279 1580 1017 94 tam plenè ſupereſſe, quam largiter tibi olim in

1044 1648 31 96 F

1171 1642 118 79 filio
