1659 2253
356 95 1025 75 rebat. Sed alia ſunt, quæ non ſinunt memori¬

359 157 1020 74 am illius conuiuij apud me obſoleſcere. Quis

358 226 1024 66 enim iucundiſsima ſuauitate morum ueſtro¬

359 286 1023 71 rum & colloquiorum feſtiuitate non capere¬

359 347 1027 71 tur? quibus quod meæ menſæ detrahebatur,

360 406 1023 75 id quam locupletiſsime compenſare uidebami£

361 473 1023 65 ni. Nam ut ex uobis accumbentibus unum

363 530 1016 73 proferam, quid eximio uiro Vlmanno Boeck¬

361 594 1023 71 lino urbis noſtræ (ut uocant) Magiſtro abſo£

359 654 1027 71 lutius, & accommodatius, ſiue ſeria ſiue iocos,

361 722 1021 70 res, locus, perſonæúe poſtulant, is enim ea co£

364 782 1020 72 mitate, ijs ſalibus, ſeruata tamen ubi graui¬

360 843 1023 74 tate, cibos negligenter, uitioſe & ſordide pa¬

360 908 1027 59 ratos ita condiebat, ut etiamſi in omnibus ni¬

363 965 1021 76 tor & ſapor, & debita coctio deſyderabatur,

360 1032 1028 70 omnia tamen prælaute at opipare inſtructa

363 1088 1025 74 & appoſita uiſa ſunt, ſic ut Vlmannus noſter fa£

361 1156 1025 68 cundus conuiua, plane id fuerit tum domi meę

366 1220 1013 67 pro omnis generis eſculentis & poculentis,

364 1276 1039 73 quod facundus comes uehiculi loco in uia eſſe

361 1338 1021 68 dicitur. Tu uero, licet conareris tui ſimilis eſſe,

363 1400 1023 71 & pro innata tibi libertate & urbanitate alacrẽ

361 1464 1030 63 illum nobis Guilhelmum exhibere, non tamen

365 1527 1023 80 potuiſti omnino animi tui morbum, quo tum

1257 1585 126 90 tene¬
