1699 2257
252 111 1031 80 unicum ſumma de eo ſpe deſtitutus amiſerat,

249 176 1030 77 elatum uix ad rogum uſ comitatus fuerat, re¬

250 235 1027 75 dijt in Curiam, & Senatum, quem eo die, de le¬

258 302 1020 75 ge ferenda, habere oportebat, euocauit, maluit

253 361 1019 79 ſtrenui Cõſulis partes agere, quam inorbi pa¬

247 425 1027 76 rentis dolore eſſe, & gemitu uerſari, ſed diutius

249 489 1024 73 exemplis immoror quam uolebam, quibus nõ

249 547 1023 77 in hoc uſus ſum, ut doceamur, quid debea¬

248 610 1025 75 mus, ſed quid facere poſſimus. Tantum tamen

248 673 1021 75 unũ muliebris fortitudinis ſubijciam. Amicis

249 736 1015 71 Corneliam Gracchorum matrem, ob cæſos

240 796 1028 70 & inhumatos filios conſolantibus, miſeram́

247 861 1021 73 uocantibus, dixiſſe ferunt, ſe propter filiorum

245 921 1019 75 miſerabilem caſum nequaquam in miſeria eſſe,

243 983 1021 76 ſed potius fœlicitate uti, quæ Gracchos pepere£

240 1048 1024 72 rit, ſapiens uiro́  fortior mulier, cupiẽs amicis

238 1107 1025 80 amica eſſe, et deplorationẽ oblique reprehẽſam

239 1173 1020 74 compenſare, in gratulationem commutauit.

237 1231 1021 78 Hic nolo præterire traditum eſſe memoriæ

238 1296 1018 70 quoſdam (ſi credere fas eſt) non impetu motæ

235 1356 1016 72 mentis, non uotorum deſperatorum impulſu,

229 1416 1023 81 ſed integro & ingenti animo, ſuſcepto rationis

228 1478 1021 75 conſilio, deliberatis́  cauſis mortis contem¬

227 1541 1022 80 nendæ, ſponte ſibi fortiter manus attuliſſe, nos

228 1607 1016 84 eos quales quales fuerint, nolumus in præſens

864 1678 174 77 C iij

1119 1677 127 82 pro¬
