1706 2257
238 125 1037 84 canda eſt, non illi fœlicius cecidiſſet, quando

242 193 1038 77 ea innocenter incepta, gnauiter acta, et laudabi¬

243 252 1035 84 liter finita, plenam & ſolidam inſignium uirtu¬

244 315 1029 78 tum memoriam apud poſteritatem reliquit,

254 376 1026 79 Vt enim ludus, nõ quod diu durauit, ſed quod

245 436 1033 80 bene exhibitus placuit, ſic & uitæ fabula, non

247 501 1031 79 ab æui longinquitate, ſed actionibus honeſte

249 560 1029 81 ſuſceptis & finitis probanda eſt. Item cum eo

245 626 1021 77 melius agitur, qui idonea uentorum tempeſta¬

244 688 1031 75 te, & ſecundo ęſtu celeriter, deſtinatum curſum

247 746 1028 84 cõficit,  qui uentis lente ſpirantibus, poſt lon£

252 812 1022 79 gam & tædio plenam nauigationem, uix de¬

248 875 1027 79 mũ ad portum peruenit. Sic multo beatior, qui

249 939 1029 75 accelerata morte, ſtatim huius mundi pericu¬

245 995 1029 83 loſis malis ſubducitur. Ex his colligitur homi¬

248 1064 1022 75 nis ætatem, non ex numeroſa annorum com¬

249 1123 1025 76 putatione magni ducendam eſſe. Quin ſi auto¬

239 1182 1036 84 ritas philoſophorum digna eſt, cui fides adhi¬

247 1245 1027 84 beatur, mancipia illa uoluptatum, fungi & ſti¬

247 1309 1022 76 pites, quamuis etiam cornicibus uiuaciores fu¬

245 1369 1023 80 erint, quia tamen nullã ſpecioſam, ab initio uitę

244 1428 1016 81 ad finẽ uſ, cauſam uiuendi habuerunt, nun

247 1493 1027 79 uixiſſe credendi ſunt, eos uero, qui etiam repen¬

245 1553 1029 82 tino exceſſu in fata conceſſerunt, quia quoad

248 1616 1027 94 uita ſuppetebat ex inſignibus facinoribus inde

1152 1680 122 81 lebi¬
