1668 2258
387 110 1033 75 cile cognoſcunt, quibus mollicia paternorum

386 174 1025 70 affectuum, & animi teneritudo nota eſt, fe¬

384 237 1016 71 runt enim optimum & pijſſimum patrem,

387 302 1017 70 aliquanto tempore ualidis uariarum cogita¬

385 362 1038 70 tionum arietibus uehementer conquaſſatum,

385 421 1030 68 in ſumma tamen pertinaciſſimi luctus pu¬

389 481 1014 78 gna inexpugnabilem perſtitiſſe, ſeſe ſuæipſius

381 544 1027 71 ſapientiæ præſidio muniuiſſe, & recollectis ani£

381 604 1027 69 mi uiribus, uictiſ affectibus ſibiipſi conſola¬

379 666 1036 75 tionem mature adhibuiſſe, quam aut officioſa

379 732 1026 72 amicorum ſollicitudo attuliſſet, aut temporis,

380 795 1023 71 omniũ, ut quidam ait, parentis, diuturnitas de¬

377 855 1024 70 mum peperiſſet. O immortali celebratione di¬

381 919 1020 73 gnam Principis prudentiam, quem calamito¬

377 980 1024 72 ſum non ſubeat huius imitandæ ſtudium? quę

379 1042 1020 75 ipſa rationem ſuggerit, improbam uehemen¬

377 1110 1024 64 tiam tentationum, uincendi, et non extrinſecus

376 1165 1042 79 auxilium quærendum eſſe docet. An ulla uicto£

376 1229 1024 74 ria glorioſior, & triumpho dignior ſit, quam

376 1287 1025 74 ſeipſum debellare, deuincere, & ex ſeipſo trium£

380 1354 1025 71 phare? Proponamus ergo nobis hoc exem¬

379 1413 1019 77 plar, graue quidem æmulatu, uerum ſi præ te¬

375 1476 1020 70 nuitate uigoris animi exprimere non dabitur,

381 1539 1020 66 ſaltem ex eius contemplatione mœrori & lu¬

376 1596 1028 86 ctui noſtro ſolatium reportabimus. Verum

1275 1660 123 63 heus
