1684 2258
412 100 1028 80 ſtiani Boecklini cognati tui commemoratione

412 168 1024 74 ſuperſederem, hunc (ut noſti) pater eius Phi¬

411 233 1024 74 lippus, uir præter gentis claritatem, dignus

414 296 1020 71 quo, quo cum in tenebris, ut aiunt, micando

412 357 1023 69 numerum diuines, ſtatim à paruis mihi alen¬

414 415 1021 74 dum & formandum tradidit, ex quo annos cir£

416 482 1020 71 citer nouem domeſtice mecum uiuentem, pro¬

420 541 1015 73 pter optatos ingenij prouentus & ſpem oſten¬

415 603 1020 74 ſæ probitatis eximiam, non uulgariter dilexi,

416 664 1023 73 uerum is permiſſa iam liberioris uitæ poteſta¬

417 727 1019 72 te, aduleſcens imberbis, & rerum imperitus,

419 789 1020 71 animum ad periculum in bello faciendum ad¬

417 850 1023 75 iecit, cuius cupiditate flagrans, in militiam pro£

417 910 1024 77 fectus, eadem, quæ dixi, caſtra ſecutus eſt, ea¬

417 974 1026 75 dem peſte, qua alij, extabuit, & conſumptus in¬

419 1037 1024 73 terijt, dignus fuiſſet longiore uita, niſi breuem

417 1097 1028 74 tam honeſte & fœliciter poſuiſſet. Collibitum

419 1159 1025 76 eſt mihi, horum obiter meminiſſe, quod me¬

416 1224 1028 70 morabilium mortuorum recordatio periucun£

415 1284 1028 74 da ſit, et ut uel hinc malum noſtrum minus gra£

419 1343 1021 74 uiter feramus, quod non ſolum iam nominato£

417 1404 1022 78 rum, ſed etiam aliorũ, quos longum foret om¬

416 1467 1024 74 nes narrare, cõmune eſt, mortuus eſt noſter, &

419 1530 1024 75 illi per omnia noſtro ſimiliter mortui ſunt, nos

416 1589 1028 94 noſtrum lugemus, ſunt & qui pro illis luctum

1303 1647 142 77 ſuſce¬
