1684 2251
397 105 1028 73 non præter naturam eſt at naſci, quinam id

392 168 1029 72 conſuetudinis introductum ſit, ut homini ui¬

397 232 1021 70 tam ingreſſo congratulemur, eundem autem

400 288 1018 70 è uiuis decedentem deploremus? aut cur non

404 355 1014 72 potius de utra uita & morte pariter, uel læ¬

399 415 1019 72 tamur, uel triſtamur, propter utriuſ uniuer¬

399 477 1018 70 ſo mortalium generi communitatem? quan¬

400 538 1013 72 quam ſi nobiſcum nos ipſos recte conſydere¬

397 600 1019 69 mus, quibus uidelicet malis in hac uita circum£

401 659 1011 73 uallemur, & ex quibus quoad uixerimus nos

401 720 1014 72 nunquam extricabimus, niſi ſolius mortis be¬

399 782 1013 73 neficio tandem liberaremur, cur igitur prępo¬

400 846 1013 69 ſtero iudicio hanc tanquam inamabilem dete¬

397 905 1011 72 ſtamur, & odimus, illa uero unice delectamur?

402 969 1010 71 Quam multo meliorem de his opinionem im¬

399 1026 1018 75 biberunt, Trauſi gens barbara, Thraciæ uici¬

397 1089 1023 79 na, quibus Orpheus Vates morem induxiſſe

400 1154 1020 72 perhibetur, ut liberos recens natos ploratu &

399 1218 1016 70 & lachrymis exciperent, mortuos celebratis

396 1276 1017 70 conuiuijs, cum ſumma hilaritate contumula¬

396 1336 1020 70 rent. Nimirum uiderunt boni homines uita

396 1393 1015 77 noſtra nihil eſſe calamitoſius, plenam periculo¬

397 1456 1014 77 rum, plenam infinita morborum genere, innu£

395 1516 1017 90 merabilibus curarum, ærumnarum, & uicio¬

1291 1585 119 66 rum
