1684 2254
441 102 1017 77 ſpiritus per colli proceritatem, & anguſtias dif¬

432 167 1022 73 ficulter erumpentes, ſed intelligit & præuidet

431 225 1022 73 ſapientiſſimum animal, me bonum optimum

431 289 1019 71 eſſe: & hinc eſt cur canendo, & cum alacritate

432 348 1017 77 expiret. His & compluribus alijs uocibus

432 415 1017 72 æque magnificis ueſtra uita notatur, qua¬

434 475 1013 73 rum nulla eſt, quæ illi non deſpicientiæ ſit,

433 540 1015 68 aut ignominiam inurat. Nunc ad me uenio,

434 598 1020 73 quam quidem ſplendidis uocabulis nomi¬

432 659 1022 77 nant, nempe diſceſſum animæ à corpore, quod

434 720 1016 75 idemſonat, ac ſi dicerent à corpore liberatio¬

432 782 1020 67 nem, tranſitum ad uitam, lucrum, munus, & ſo£

431 846 1019 68 latium miſerorum, ultimam rerũ lineam, quę

433 905 1020 70 quis tam cœcus eſt, ut non uideat, mihi aut offi£

433 966 1019 73 cij aut dignitatis cauſa delata eſſe, & ob id ſem¬

438 1029 1014 70 per factura ad numerum & illuſtrationem ho¬

433 1089 1020 70 noris & laudis meæ. Plures id genus conten¬

434 1153 1020 67 tiones, de differentia noſtrorum effectuum

436 1217 1016 65 utrin in medium adducerem, uerum corda¬

433 1276 1025 70 tus auditor uel lector, ut his plus nimio conten£

432 1332 1016 72 tus eſt, ſic ex earum coniecturis facile de reli¬

432 1394 1016 81 quis diuinabit. Sed pręſentis apologiæ ſermo¬

432 1461 1013 74 nem non prius mittam, quam huius quo

431 1518 1014 79 accuſationis excuſationem attulero. Non ne¬

1341 1580 106 90 ſcio
