1697 2257
242 120 1031 69 tenebaris diſſimulare, ita uultus tui ſubita mu¬

243 186 1025 71 tatio fictam illam, imo coactam hilaritatem,

244 247 1026 73 quam foris oſtendebas, facile prodebat. Ego

245 314 1028 63 uero notata oris tui, oculorum́  uiciſſitudine

244 376 1025 69 qui mecum, tacito quodam ſermone, de men¬

248 440 1023 70 tis tuæ motu & imagine loquebantur, rogaſ¬

248 499 1020 69 ſem quidem libenter, quid nam haberes, quod

247 559 1021 71 parum hilaris eſſes, niſi ratus fuiſſem præter ci£

245 621 1024 69 uilitatem & decorum eſſe, inter conuiuandum,

247 687 1026 69 intempeſtiua interpellatione, quempiam pudo£

245 746 1030 70 re, ut fieri ſolet, aut alia moleſtia afficere. Cohi¬

245 808 1020 69 bui ita me donec omnes, ſublata menſa, ſur¬

244 870 1024 70 rexiſſemus, tum ego tibi in ſolum locum ſeor¬

244 930 1025 73 ſum ſeuocato, indeſinenter inſtiti, ut mihi quid

243 996 1030 69 mali animum tuum premeret indicares, nec ceſ£

243 1055 1032 76 ſaui donec, importuna quidem, ſed non iniqua

243 1122 1021 61 tamen, petitione te ad confitendum peruince¬

242 1176 1014 76 rem. Nam tu ibi ductis uno & altero ſuſpirijs,

240 1241 1025 76 cœpiſti tandem animi tui curam, potius in ſinu

240 1307 1024 71 meo, tanquam amici deflere, quàm alijs narran£

240 1365 1021 69 dam communicare. Te ſcilicet ex nuper audita

239 1423 1019 72 morte Illuſtriſsimi Principis Alberti Marchi¬

242 1487 1014 74 onis Badenſis, immedicabile uulnus accepiſſe,

238 1553 1021 77 id tibi illius mentionem (nam obiter, inter

901 1609 165 76 A iij

1160 1611 95 100 alia
