1672 2256
412 111 1026 77 uanitatem luctus ſpecto, ut qui ei pro quo ſu¬

408 177 1030 73 ſcipitur nullam utilitatem adfert, lugentem ue¬

411 243 1027 67 ro nonnunquam in grauiſs. perniciem addu¬

412 304 1025 69 cit, non poſſum mihi temperare quin uolunta¬

411 364 1025 72 ti meæ erga te indulgeam, & ut tuus mœror

411 428 1022 68 mihi, te participante tecum communis eſt,

411 486 1024 75 ſic ego uiciſſim cõſolatiunculam adferrem, qua

413 552 1018 70 & ego confirmarer, & tu perturbationem, quę

411 612 1025 64 animum tuum non mediocriter uiſa eſt contra£

414 670 1023 75 xiſſe, moderatius ferres. Sed ut utriuſ noſtrũ

413 738 1024 71 nomine te mihi proponam, cuius gratia, hoc

413 799 1023 72 quod agimus, maxime inſtitutum eſt. Age¬

412 862 1026 62 dum, dic mihi (repetam cuius paulo ante me¬

413 919 1025 68 mini) quo priſtinum animi tui habitum eui¬

412 983 1028 78 dentius declarabis, quam ſi te nunc in deceſſu

413 1045 1025 72 Principis tui talem nobis exhibueris, qualem

411 1106 1027 73 in multis alijs antehac te experti & admirati ſu¬

412 1170 1025 73 mus, id eſt, infractum, & nullius conſolationis

414 1232 1024 73 indigentem? Nam ſi uiri ſapientia præditi in¬

411 1289 1035 79 tereſt, ad omnem fortunę euentum ſibi ſimilem

409 1358 1029 70 eſſe, quanto magis eam æquanimitatem ſerua¬

409 1420 1026 66 bit in his rerum incommodis, à quibus nemo

408 1480 1032 72 mortalium unquam exemptus fuit, quis autem

412 1541 1025 85 tam parum communis ſenſus habeat, qui cum

1279 1605 158 76 uideat
