1699 2256
258 92 1029 88 loquor qui impatientes malorum %fuamipſo¬

258 161 1029 74 rum uitam ui abrumpunt, nec de his qui ex

258 220 1032 83 morbo in deliquio conſtituti, finem uitæ ſibi

258 290 1030 73 iamiam impendere præſentiunt, nec de his qui

258 347 1027 77 ad denunciatam necem adiguntur, ſed de no¬

257 407 1030 83 ſtra illa omnium communi incertitudine, qua

257 471 1026 77 omnes æquę ſuſpenſi ſumus, antequam aliqua

254 531 1031 79 neceſſitas moriendi nobis quaſi captis manum

254 594 1031 76 inijciat. Quum igitur mortis neceſſitudo ine¬

253 654 1027 81 luctabilis & certa eſt: Tempus itidem inelucta¬

253 720 1030 75 bile, ſed incertum, non poſſumus non mature

252 782 1028 76 mori, quandocun hoc appetit. Si cui ali¬

253 843 1029 79 quis certo polliceatur ſe ei hoſpitem adfutu¬

249 908 1034 77 rum, nec tamen tempus præſcribat, nec ex pa¬

249 966 1033 76 cto aſſignatum eſſe uoluit, ac deinde citius ex¬

252 1027 1029 80 pectatione alterius ueniat: Num ideo ante di¬

247 1094 1039 75 em adeſt, cum nullus nec quidem articulus con£

248 1155 1035 74 dictus fuerat ? aut num iniurioſus fuit in hunc

252 1218 1028 72 pręſcium & certum aduentus, qui ob incertitu

245 1279 1035 74 dinẽ temporis, tanto magis ad illum accipien¬

248 1337 1032 76 dum hoſpicio, accinctus eſſe debebat? nõ certe.

244 1394 1031 86 Nos quo ſi quid penſi habemus de pręcipita£

243 1463 1030 74 to uitę termino nihil cõqueremur, ſed ut unam

243 1524 1039 79 quamlibet horam natiuitati, ita & mortalitati,

244 1585 1019 81 legitimã eſſe cogitabimus. Deus eſt, qui omne

874 1643 168 92 D iij

1123 1651 137 72 tem¬
