1701 2258
292 96 1042 87 buſ omnibus infectis & deſperatis, omnis co£

298 166 1027 79 pia dimittitur, cui reſpondeo, eum æque pro

298 228 1027 76 patria mori, cui periculum, quod illius amore

296 291 1032 79 aggreditur, quocun modo uitæ extinctio¬

298 352 1025 78 nem adfert, at is qui ſe in medium hoſtium

300 413 1021 74 agmen immittens, occiditur. Non Curtius

298 475 1023 75 Romanus aduleſcens magni animi & nobiliſ¬

293 535 1028 77 ſimo loco natus, non belli, ſed domi conſcenſo

295 602 1024 76 equo, ſe in profundum pręcipitans, ciuium in¬

298 662 1017 76 columitati conſuluit? Non Genitius Cippus,

300 725 1021 80 quum ex reſponſo didiciſſet, quam cornua

298 789 1028 77 ex capite ſibi nata, ſignificationem darent, ne

297 854 1027 68 creatus rex, urbi calamitatem importaret, in ex¬

298 910 1026 79 ilio, quo ſeipſum perpetuo mulctarat, pietatem

297 975 1023 74 erga populum Rom. uitæ impendio teſtatus

296 1037 1027 75 eſt? Sic & Princeps noſter, quanquam in con£

295 1102 1028 72 fictu nõ perijt, non tamen hoc minus propter

298 1160 1030 76 patriam interijſſe iudicandus eſt, utpote cui

297 1224 1024 73 bellum mortis obitę ante tempus in cauſa fuit,

296 1287 1028 72 et eſto alter illorum morte oppetita clarus ſit, at

297 1348 1024 73 noſtro non defuit uoluntas, ne etiam for¬

297 1406 1026 78 taſſe defuiſſet facultas, ſi tam conſentaneum eſ¬

300 1467 1026 79 ſet naturæ, mortem (quod hic fecit) accerſere

302 1532 1019 77 quam decorum eſt, oblata quaſi fatali euentu

300 1594 1019 89 occaſione, eidem in uitam ius concedere. Sed

1005 1654 127 80 E ij

1217 1658 99 81 hic
