1691 2256
243 105 1024 77 ſanctiores nihil aliud eſſe cenſent, quam exili¬

245 170 1021 73 um, peregrinationem, incolatum. Qui uero

244 229 1022 75 hominem bullam, umbrę ſomnium, et ſalillum

244 293 1022 65 animæ uocant, nimirum ſubindicant uitam ue£

244 353 1023 75 ſtram, rarum illud decus, quod cum plantis &

244 417 1022 71 brutis commune habetis, omnium rerum eſſe

244 476 1018 74 fugaciſſimam & inaniſſimam, ut quę aliquid

240 541 1023 71 eſſe uideatur, quum nihil ſit. Cum tamen illa

244 595 1015 84 ipſa (de plantis ſenſu carentibus nihil loquor)

248 663 1011 73 quamuis ægre quo à uita diſcedunt, tamen

243 724 1015 75 modo quodam me uobis longe (dicam auda¬

244 785 1017 73 cter) humanius ferre uidentur, unde eorum

244 847 1015 71 immanitatem ueſtræ humanitati non temere

248 908 1009 70 prætulerim, at dicitis animantes feræ ſunt, & ra£

240 968 1014 73 tionis expertes, ſanè uero bella confutatio: tan¬

238 1031 1016 78 to magis uim ſuæ feritatis exprimere oporte¬

238 1091 1015 73 bat, cum uobis, non item illis, ratio in hoc data

233 1150 1018 77 ſit, ut eius præſidio affectus moderemini, co¬

235 1215 1016 72 herceatis & comprimatis. Sed Olor auis Apol£

233 1278 1016 73 lini ſacra, hic memoratu digna, an non meum

235 1337 1012 71 aduentum præſentiens, me tanquam expecta¬

234 1399 1014 71 tiſſimum hoſpitem mira uoluptate, & concen¬

231 1458 1017 74 tuum ſuauitate excipit. Nec aſſentior Philoſo¬

238 1519 1015 87 phis huius modulationis reddentibus cauſam,

1114 1587 138 81 ſpiri¬
