1696 2256
283 100 1029 85 mi dolori nos ita mancipemus, ne cum rurſus

284 170 1029 78 abijcere uelimus, nequeamus, uelut equus ſeſſo£

284 234 1032 74 rem non excutit, cum uult, & ſemel acceptum

287 295 1026 81 hoſpicio, non quando nobis uiſum eſt iterum

288 355 1020 78 extrudimus, ita ægritudo affectuum facile ad¬

288 421 1021 70 mittitur, eadem autem non cum libet, rurſus

288 481 1024 74 excluditur. Iam quod ſi iactura in Principe no£

285 545 1024 75 ſtro facta, nec precio, nec ui, nec prece reſar¬

285 607 1028 73 ciri poteſt, & diu lugendo nihil efficimus, niſi

287 670 1024 73 quod morbum morbo conduplicamus, opti¬

288 731 1021 73 mum fuerit mali immedicabilis, aut obliuiſci,

288 792 1024 77 aut ſi hoc ægre ſuccedit, ęquanimitate & pacien£

290 857 1024 76 tia mollire, ad quod pręſtandum permoueat

287 916 1024 75 nos memorabili ſuo facto ſingularis Dei ſer¬

289 978 1024 72 uus Dauid Rex: Is enim, cum aduerſam ualetu¬

288 1041 1025 70 dinem filioli, adhuc utcun in uita cõmoran¬

285 1101 1028 78 tis, quem ex Batſeda natum, miro amore com¬

290 1166 1024 74 plectebatur, cilicio indutus, in terram proſtra¬

288 1234 1028 75 tus, & ieiunio ſe macerans lugebat: in ſpem in¬

289 1289 1024 75 dubie adductus, ſe id genus operibus pœniten¬

289 1349 1025 77 tię peccati ueniam conſecuturum, & à puello fa¬

290 1418 1023 69 tum, quod per Nathanum Prophetam denun£

288 1475 1025 74 ciatum fuerat, depulſurum, uerum cum Deo

289 1535 1027 76 aliter uiſum eſſet, & ille audita morte puelli, ope£

289 1598 1027 82 ram luſiſſet, ſine mora eterra ſurrexit, mutato

898 1660 157 85 D ij

1133 1665 178 97 ueſtitu
