1698 2259
246 115 1027 75 mus et nobisipſis gratulari debemus, quam de

244 183 1030 61 immortalitate animarum, corporum reſurre¬

246 239 1031 67 ctione, & ſic totius hominis noua coniunctio¬

246 302 1032 73 ne, nullo unquam tempore denuo diſſolubili

246 363 1027 74 in uitam uidelicet omnis debilitatis, nedum

244 424 1028 77 mortalitatis ſecuram. Nolim quis me putet in

243 489 1027 73 hoc repetere ethica illa & antiqua, quia in ſacris

244 553 1033 68 literis nihil talium reperiatur, quum nuſquam

244 614 1032 67 non, ſacra legentibus, ſimilia occurrant, aut

244 673 1030 79 quod noſtro æuo, eiuſmodi animorum mode

243 740 1024 73 ratio, penitus extincta, in nullis amplius appa¬

241 803 1027 69 reat, quum quotidiana experientia & euentus

239 863 1030 66 nos doceat, naturam nondum defeſſam & ex¬

239 923 1033 74 hauſtam eſſe ad laudabilium procreationem.

238 983 1030 74 Nam uno & altero ab hinc anno, cum illa hor¬

234 1047 1030 73 ribilis peſtilentia, per uniuerſam quaſi Germa¬

238 1109 1031 74 niam ſeuiſſime graſſaretur, infinita omnis æta¬

234 1174 1035 70 tis mortalium internicione, inuenti ſunt com¬.

238 1232 1025 75 plures utriuſ ſexus homines, tam apud nos,

237 1295 1032 76 quam in alijs quo locis, qui occaſum ſuum,

234 1360 1026 71 cognatorum, affinium, & amicorum animo

233 1415 1037 80 tam in deiecto ſuſtinuerunt, ut cũ priſcis nõ in¬,

231 1480 1024 73 iuria æquari poſſint. Hic mihi aurem uellicat

228 1541 1020 79 rarum & notabile huius generis factum, quod

231 1602 1019 93 apud nos contigit, & ob hoc nobis domeſtis

1129 1671 124 92 cum
