<?xml version="1.0" encoding="UTF-8"?>
<alto xmlns:xsi="http://www.w3.org/2001/XMLSchema-instance"
      xmlns="http://www.loc.gov/standards/alto/ns-v4#"
      xsi:schemaLocation="http://www.loc.gov/standards/alto/ns-v4# http://www.loc.gov/standards/alto/v4/alto-4-2.xsd">
  <Description>
    <MeasurementUnit>pixel</MeasurementUnit>
    <sourceImageInformation>
      <fileName>uk4nGb4kRHdUzWv5.jpg</fileName>
    </sourceImageInformation>
  </Description>
  <Tags>
    <OtherTag ID="BT7" LABEL="CustomZone" DESCRIPTION="block type CustomZone"/><OtherTag ID="BT8" LABEL="DamageZone" DESCRIPTION="block type DamageZone"/><OtherTag ID="BT9" LABEL="DigitizationArtefactZone" DESCRIPTION="block type DigitizationArtefactZone"/><OtherTag ID="BT10" LABEL="DropCapitalZone" DESCRIPTION="block type DropCapitalZone"/><OtherTag ID="BT11" LABEL="GraphicZone" DESCRIPTION="block type GraphicZone"/><OtherTag ID="BT12" LABEL="MainZone" DESCRIPTION="block type MainZone"/><OtherTag ID="BT13" LABEL="MarginTextZone" DESCRIPTION="block type MarginTextZone"/><OtherTag ID="BT14" LABEL="MusicZone" DESCRIPTION="block type MusicZone"/><OtherTag ID="BT15" LABEL="NumberingZone" DESCRIPTION="block type NumberingZone"/><OtherTag ID="BT17" LABEL="QuireMarksZone" DESCRIPTION="block type QuireMarksZone"/><OtherTag ID="BT18" LABEL="RunningTitleZone" DESCRIPTION="block type RunningTitleZone"/><OtherTag ID="BT19" LABEL="SealZone" DESCRIPTION="block type SealZone"/><OtherTag ID="BT20" LABEL="StampZone" DESCRIPTION="block type StampZone"/><OtherTag ID="BT21" LABEL="TableZone" DESCRIPTION="block type TableZone"/><OtherTag ID="BT22" LABEL="TitlePageZone" DESCRIPTION="block type TitlePageZone"/><OtherTag ID="BT3669" LABEL="text" DESCRIPTION="block type text"/>
    <OtherTag ID="LT7" LABEL="CustomLine" DESCRIPTION="line type CustomLine"/><OtherTag ID="LT8" LABEL="DefaultLine" DESCRIPTION="line type DefaultLine"/><OtherTag ID="LT9" LABEL="DropCapitalLine" DESCRIPTION="line type DropCapitalLine"/><OtherTag ID="LT10" LABEL="HeadingLine" DESCRIPTION="line type HeadingLine"/><OtherTag ID="LT11" LABEL="InterlinearLine" DESCRIPTION="line type InterlinearLine"/><OtherTag ID="LT12" LABEL="MusicLine" DESCRIPTION="line type MusicLine"/><OtherTag ID="LT1351" LABEL="default" DESCRIPTION="line type default"/>
  </Tags>
  <Layout>
    <Page WIDTH="1695"
          HEIGHT="2258"
          PHYSICAL_IMG_NR="15"
          ID="eSc_dummypage_">
      <PrintSpace HPOS="0"
                  VPOS="0"
                  WIDTH="1695"
                  HEIGHT="2258">
        <TextBlock HPOS="276"
                   VPOS="115"
                   WIDTH="1047"
                   HEIGHT="1601"
                   ID="eSc_textblock_ad0f6c47"
                   TAGREFS="BT12">
          <Shape><Polygon POINTS="1243 115 1318 130 1323 1584 1311 1675 944 1675 908 1675 908 1716 836 1704 516 1694 361 1709 281 1689 276 130 772 115"/></Shape>
          <TextLine ID="eSc_line_3c1b5413"
                    TAGREFS="LT8"
                    BASELINE="279 169 1311 166" 
                    HPOS="278"
                    VPOS="115"
                    WIDTH="1033"
                    HEIGHT="71">
            <Shape><Polygon POINTS="1307 127 1294 125 1282 122 1269 120 1257 117 1244 115 1232 115 1219 115 1206 115 1204 115 1121 120 1114 115 1106 115 1094 115 1070 120 1058 115 1056 115 1043 115 1031 115 1027 115 948 119 915 115 905 115 893 115 887 115 880 120 780 115 767 115 755 115 746 115 710 121 674 117 667 117 654 117 642 119 629 119 622 119 614 121 602 120 592 120 579 120 567 120 554 121 541 121 533 121 531 122 489 122 479 124 466 124 454 124 441 124 429 125 416 125 403 125 391 126 378 126 366 126 353 127 341 127 328 127 316 127 303 129 291 129 278 129 279 169 279 179 341 186 342 186 410 180 467 186 469 186 515 180 533 186 534 186 535 186 597 180 764 186 765 186 766 186 795 179 828 185 829 185 860 179 890 185 892 185 947 179 1028 185 1030 185 1076 179 1089 185 1090 185 1091 185 1311 183 1311 166 1308 127 1307 127"/></Shape>
            <String CONTENT="eam ſententiam iamdudum à natura in ſe, &amp; iu£"
                    HPOS="278"
                    VPOS="115"
                    WIDTH="1033"
                    HEIGHT="71"
                    ></String>
          </TextLine>
          <TextLine ID="eSc_line_620a2626"
                    TAGREFS="LT8"
                    BASELINE="284 234 1308 227" 
                    HPOS="283"
                    VPOS="175"
                    WIDTH="1025"
                    HEIGHT="80">
            <Shape><Polygon POINTS="284 234 286 255 317 247 563 254 564 254 627 244 755 244 765 250 766 250 767 250 769 250 770 250 796 243 866 250 868 250 915 244 952 252 953 252 954 252 989 242 1006 250 1007 250 1008 250 1307 242 1308 227 1306 184 1141 184 1129 175 1127 175 1126 175 1125 175 1038 184 1006 175 1004 175 1003 175 1002 175 964 185 938 176 937 176 935 176 900 184 874 176 873 176 871 176 830 185 804 179 802 179 801 179 800 179 782 186 765 180 764 180 762 180 715 186 599 181 598 181 597 181 578 188 558 180 557 180 555 180 554 180 538 189 480 189 461 180 460 180 459 180 397 186 283 181 284 234"/></Shape>
            <String CONTENT="dices ſuos pronunciatam fuiſſe, %fignificans ni¬"
                    HPOS="283"
                    VPOS="175"
                    WIDTH="1025"
                    HEIGHT="80"
                    ></String>
          </TextLine>
          <TextLine ID="eSc_line_3b1f29da"
                    TAGREFS="LT8"
                    BASELINE="281 296 1306 292" 
                    HPOS="279"
                    VPOS="242"
                    WIDTH="1027"
                    HEIGHT="74">
            <Shape><Polygon POINTS="281 296 281 311 368 307 386 316 387 316 388 316 457 307 480 316 481 316 483 316 484 316 505 307 584 316 585 316 587 316 588 316 600 306 697 306 715 313 716 313 717 313 755 306 790 314 791 314 792 314 833 306 900 314 902 314 903 314 935 306 1008 313 1009 313 1011 313 1012 313 1022 304 1076 304 1214 313 1215 313 1259 304 1272 313 1273 313 1274 313 1275 314 1304 314 1306 292 1303 253 1131 242 1130 242 1129 242 1127 242 1115 249 1076 243 1075 243 1032 252 994 242 993 242 992 242 991 242 957 253 902 247 900 247 899 247 882 253 869 247 868 247 866 247 865 247 840 253 821 244 820 244 819 244 818 244 786 254 712 254 678 243 677 243 676 243 674 243 652 253 617 244 616 244 614 244 528 250 465 244 464 244 462 244 461 244 451 252 440 244 439 244 437 244 436 244 375 250 343 244 342 244 341 244 340 244 332 250 297 244 296 244 294 244 279 252 281 296"/></Shape>
            <String CONTENT="hil referre, qua morte, aut quando moriamur,"
                    HPOS="279"
                    VPOS="242"
                    WIDTH="1027"
                    HEIGHT="74"
                    WC="0.9824131009253588"></String>
          </TextLine>
          <TextLine ID="eSc_line_d1e73c58"
                    TAGREFS="LT8"
                    BASELINE="286 357 1307 352" 
                    HPOS="284"
                    VPOS="303"
                    WIDTH="1023"
                    HEIGHT="74">
            <Shape><Polygon POINTS="286 357 286 377 353 368 528 373 529 373 613 367 628 375 629 375 631 375 666 367 686 376 687 376 688 376 811 366 861 375 863 375 977 367 1045 375 1046 375 1047 375 1080 366 1109 373 1110 373 1111 373 1171 365 1190 373 1191 373 1193 373 1307 371 1307 352 1304 312 1247 303 1245 303 1155 311 1129 303 1127 303 1126 303 1125 303 1112 309 1051 304 1050 304 1048 304 1028 312 1008 304 1007 304 1006 304 1004 304 972 312 907 304 905 304 850 312 802 304 801 304 756 312 693 306 692 306 691 306 676 313 407 307 406 307 405 307 382 314 284 314 286 357"/></Shape>
            <String CONTENT="cum nemo non mortis neceſſitati parere coga¬"
                    HPOS="284"
                    VPOS="303"
                    WIDTH="1023"
                    HEIGHT="74"
                    WC="0.993688626722856"></String>
          </TextLine>
          <TextLine ID="eSc_line_049044fc"
                    TAGREFS="LT8"
                    BASELINE="282 418 1306 416" 
                    HPOS="281"
                    VPOS="362"
                    WIDTH="1025"
                    HEIGHT="74">
            <Shape><Polygon POINTS="282 418 282 430 616 436 617 436 663 430 696 436 697 436 749 430 782 436 784 436 835 429 866 435 868 435 1228 429 1303 435 1306 416 1303 373 1199 373 1170 362 1169 362 1168 362 1109 372 1078 362 1077 362 1076 362 1075 362 1033 372 1004 366 1003 366 930 370 909 362 908 362 907 362 865 371 854 362 853 362 851 362 794 362 792 362 791 362 750 373 687 372 674 363 673 363 672 363 671 363 583 373 455 373 442 363 441 363 440 363 381 363 380 363 378 363 377 363 362 373 281 373 282 418"/></Shape>
            <String CONTENT="tur. Memineris Periclis Athenienſium Ducis,"
                    HPOS="281"
                    VPOS="362"
                    WIDTH="1025"
                    HEIGHT="74"
                    WC="0.9884251411571059"></String>
          </TextLine>
          <TextLine ID="eSc_line_935edf03"
                    TAGREFS="LT8"
                    BASELINE="287 480 1306 477" 
                    HPOS="286"
                    VPOS="425"
                    WIDTH="1020"
                    HEIGHT="76">
            <Shape><Polygon POINTS="287 480 287 499 346 501 347 501 390 492 415 500 416 500 417 500 419 500 440 491 508 498 509 498 592 492 611 501 612 501 613 501 614 501 646 491 752 491 762 499 764 499 765 499 766 499 767 499 782 491 791 499 792 499 794 499 795 499 796 499 819 490 850 496 851 496 917 490 953 500 954 500 956 501 996 501 996 500 997 500 998 500 1009 491 1026 500 1027 500 1028 500 1068 492 1116 499 1117 499 1164 490 1179 500 1180 500 1181 500 1183 500 1240 494 1303 499 1306 477 1304 437 1275 429 1274 429 1273 429 1272 429 1270 429 1260 436 1222 430 1220 430 1191 436 1174 425 1173 425 1171 425 1170 425 1072 431 1050 425 1048 425 1047 425 1046 425 1021 437 983 437 909 425 908 425 907 425 884 434 860 425 859 425 858 425 856 425 839 435 802 435 755 426 754 426 752 426 728 437 681 426 680 426 624 437 593 427 592 427 590 427 541 437 520 427 519 427 518 427 447 437 424 426 422 426 421 426 366 434 356 426 355 426 353 426 352 426 351 426 350 426 337 436 286 439 287 480"/></Shape>
            <String CONTENT="qui ob animi celſitudinem Olympius Iupiter"
                    HPOS="286"
                    VPOS="425"
                    WIDTH="1020"
                    HEIGHT="76"
                    ></String>
          </TextLine>
          <TextLine ID="eSc_line_32b6e00c"
                    TAGREFS="LT8"
                    BASELINE="287 543 1303 540" 
                    HPOS="286"
                    VPOS="490"
                    WIDTH="1017"
                    HEIGHT="74">
            <Shape><Polygon POINTS="287 543 287 564 392 563 393 563 395 563 406 555 486 561 488 561 553 555 588 563 589 563 830 554 863 561 864 561 865 561 866 561 885 554 951 561 952 561 953 561 971 554 1014 561 1016 563 1055 563 1055 561 1056 561 1057 561 1068 554 1301 558 1303 540 1301 496 1222 490 1220 490 1219 490 1218 490 1205 499 1189 490 1188 490 1186 490 1185 490 1184 490 1171 500 1144 500 1082 490 1081 490 969 499 945 491 944 491 943 491 942 491 920 498 795 490 794 490 727 500 647 491 646 491 644 491 643 491 632 499 509 500 474 491 472 491 471 491 470 491 452 500 444 492 442 492 441 492 402 491 401 491 400 491 398 491 386 501 286 501 287 543"/></Shape>
            <String CONTENT="appellari meruit, is amiſſis, intra quatuor dies,"
                    HPOS="286"
                    VPOS="490"
                    WIDTH="1017"
                    HEIGHT="74"
                    WC="0.9733718487681174"></String>
          </TextLine>
          <TextLine ID="eSc_line_aa17ef59"
                    TAGREFS="LT8"
                    BASELINE="286 604 1307 600" 
                    HPOS="284"
                    VPOS="550"
                    WIDTH="1023"
                    HEIGHT="77">
            <Shape><Polygon POINTS="286 604 286 622 387 615 419 624 420 624 421 624 491 615 504 623 505 623 506 623 508 623 509 623 531 617 552 625 553 625 554 627 598 627 598 625 599 625 621 615 633 622 634 622 636 622 637 622 638 622 651 614 706 614 723 622 725 622 726 622 865 614 918 623 919 623 984 613 1025 623 1026 623 1027 624 1191 624 1191 623 1193 623 1210 615 1274 623 1275 623 1277 623 1307 612 1307 600 1304 560 1259 560 1239 550 1238 550 1237 550 1174 559 1161 550 1160 550 1159 550 1158 550 1094 556 1071 550 1070 550 1068 550 1028 559 979 550 978 550 977 550 957 558 937 551 935 551 934 551 882 560 861 551 860 551 859 551 820 559 787 551 786 551 785 551 742 558 696 551 695 551 623 563 548 563 523 553 521 553 520 553 519 553 518 553 503 563 420 563 397 553 396 553 395 553 393 553 371 561 316 556 314 556 284 563 286 604"/></Shape>
            <String CONTENT="duobus magnæ admirationis filijs, ijſ adu¬"
                    HPOS="284"
                    VPOS="550"
                    WIDTH="1023"
                    HEIGHT="77"
                    WC="0.9852065541023431"></String>
          </TextLine>
          <TextLine ID="eSc_line_00cca629"
                    TAGREFS="LT8"
                    BASELINE="283 667 1309 664" 
                    HPOS="282"
                    VPOS="610"
                    WIDTH="1027"
                    HEIGHT="77">
            <Shape><Polygon POINTS="283 667 283 677 550 686 552 686 592 677 613 686 614 686 616 687 672 687 672 686 716 677 844 684 845 684 890 676 940 684 942 684 1040 676 1099 684 1100 684 1242 676 1278 684 1279 684 1280 684 1282 684 1309 674 1309 664 1307 620 1242 620 1223 610 1222 610 1220 610 1180 619 1101 619 1090 612 1089 612 1087 612 1086 612 1038 619 1016 610 1014 610 924 610 923 610 922 610 920 610 913 617 903 612 902 612 900 612 899 612 875 619 859 612 858 612 856 612 855 612 854 612 843 620 792 620 736 620 723 612 722 612 721 612 720 612 664 622 560 622 543 612 541 612 540 612 500 620 461 612 337 612 336 612 334 612 333 612 319 620 282 614 283 667"/></Shape>
            <String CONTENT="leſcentibus, eo ipſo tempore, obſeruato ueteri"
                    HPOS="282"
                    VPOS="610"
                    WIDTH="1027"
                    HEIGHT="77"
                    WC="0.988657683134079"></String>
          </TextLine>
          <TextLine ID="eSc_line_30f5337d"
                    TAGREFS="LT8"
                    BASELINE="286 730 1306 725" 
                    HPOS="286"
                    VPOS="674"
                    WIDTH="1020"
                    HEIGHT="73">
            <Shape><Polygon POINTS="286 741 392 747 393 747 608 740 631 746 632 746 633 746 695 740 707 746 708 746 710 746 711 746 728 740 789 746 790 746 791 746 806 738 863 745 864 745 1304 737 1306 725 1304 684 1274 674 1273 674 1272 674 1270 674 1269 674 1255 684 1159 684 1146 674 1145 674 1144 674 1100 674 1099 674 1023 684 997 676 996 676 943 676 942 676 940 676 919 684 908 676 907 676 905 676 855 676 854 676 789 686 623 678 622 678 621 678 588 686 540 677 539 677 538 677 521 684 514 678 513 678 511 678 446 678 445 678 444 678 420 688 304 688 286 679 286 730 286 741"/></Shape>
            <String CONTENT="ritu, conſtanti animo, uultu, &amp; uoce ad popu¬"
                    HPOS="286"
                    VPOS="674"
                    WIDTH="1020"
                    HEIGHT="73"
                    ></String>
          </TextLine>
          <TextLine ID="eSc_line_fa421dff"
                    TAGREFS="LT8"
                    BASELINE="284 791 1307 787" 
                    HPOS="283"
                    VPOS="733"
                    WIDTH="1024"
                    HEIGHT="77">
            <Shape><Polygon POINTS="284 791 284 810 368 802 570 809 572 809 629 801 828 801 851 807 853 807 854 807 905 801 956 807 957 807 1057 801 1105 806 1106 806 1107 806 1109 806 1120 800 1260 806 1262 806 1306 799 1307 787 1303 747 1109 748 1094 741 1092 741 1091 741 1090 741 1065 748 1043 735 1042 735 1041 735 1004 733 1003 733 1002 733 1001 733 986 746 962 747 920 737 919 737 918 737 917 737 915 737 908 742 828 735 826 735 775 742 700 735 698 735 697 735 673 743 647 735 646 735 644 735 643 735 578 751 445 745 431 736 430 736 429 736 427 736 376 742 323 736 322 736 321 736 283 747 284 791"/></Shape>
            <String CONTENT="lum orationem habuit. Quid referam Xeno¬"
                    HPOS="283"
                    VPOS="733"
                    WIDTH="1024"
                    HEIGHT="77"
                    WC="0.9851600661873817"></String>
          </TextLine>
          <TextLine ID="eSc_line_d1cec2ef"
                    TAGREFS="LT8"
                    BASELINE="289 854 1306 850" 
                    HPOS="288"
                    VPOS="799"
                    WIDTH="1018"
                    HEIGHT="75">
            <Shape><Polygon POINTS="289 854 289 873 465 864 496 874 498 874 499 874 500 874 529 866 550 874 552 874 553 874 629 863 713 863 722 869 723 869 725 869 726 869 776 863 836 873 838 873 839 873 876 863 908 873 909 873 910 873 949 866 986 871 987 871 988 871 989 871 1002 863 1023 871 1025 871 1026 873 1072 873 1072 871 1073 871 1089 864 1263 871 1264 871 1265 871 1306 860 1306 850 1303 810 1089 799 1087 799 1086 799 1045 809 949 800 948 800 947 800 945 800 934 809 925 802 924 802 923 802 826 801 825 801 824 801 797 810 745 804 743 804 742 804 741 804 732 811 642 811 599 801 598 801 597 801 570 810 521 801 520 801 436 811 420 801 419 801 417 801 329 801 328 801 327 801 288 812 289 854"/></Shape>
            <String CONTENT="phontem, in Socratica diſciplina poſt Plato¬"
                    HPOS="288"
                    VPOS="799"
                    WIDTH="1018"
                    HEIGHT="75"
                    WC="0.9889317588372664"></String>
          </TextLine>
          <TextLine ID="eSc_line_156c21f7"
                    TAGREFS="LT8"
                    BASELINE="286 915 1309 913" 
                    HPOS="286"
                    VPOS="861"
                    WIDTH="1023"
                    HEIGHT="76">
            <Shape><Polygon POINTS="286 937 329 927 425 927 441 934 442 934 444 934 445 934 469 927 594 927 613 935 614 935 616 935 666 927 705 934 706 934 771 927 787 935 789 935 790 935 863 934 864 934 865 934 879 925 949 934 951 935 1013 935 1013 934 1014 934 1036 927 1091 934 1092 934 1136 928 1179 934 1180 934 1181 934 1201 925 1228 934 1229 934 1230 934 1308 929 1309 913 1307 868 1267 861 1265 861 1264 861 1234 870 1223 861 1222 861 1220 861 1193 861 1191 861 1135 870 1106 863 1105 863 1104 863 1102 863 1101 863 1090 871 1048 871 1023 861 1022 861 958 861 957 861 892 870 850 861 849 861 782 871 707 863 706 863 705 863 687 873 636 873 614 863 613 863 557 863 555 863 554 863 533 871 511 863 510 863 509 863 508 863 506 863 494 873 400 873 388 865 387 865 386 865 385 865 383 865 382 865 373 873 307 873 286 865 286 915 286 937"/></Shape>
            <String CONTENT="nem nemini ſecundum, qui accepto nuncio, de"
                    HPOS="286"
                    VPOS="861"
                    WIDTH="1023"
                    HEIGHT="76"
                    WC="0.9861862257469532"></String>
          </TextLine>
          <TextLine ID="eSc_line_7af2748d"
                    TAGREFS="LT8"
                    BASELINE="283 978 1311 974" 
                    HPOS="282"
                    VPOS="920"
                    WIDTH="1029"
                    HEIGHT="77">
            <Shape><Polygon POINTS="283 978 286 996 296 989 455 997 456 997 457 997 478 988 631 988 710 996 711 997 836 997 836 996 838 996 839 996 850 988 952 996 953 996 1106 987 1129 994 1130 994 1131 994 1132 994 1150 988 1255 994 1257 994 1309 985 1311 974 1309 929 1296 923 1294 923 1293 923 1292 923 1273 932 1194 932 1149 920 1147 920 1094 932 958 932 800 932 772 922 771 922 770 922 577 923 575 923 555 933 539 923 538 923 536 923 535 923 534 923 494 933 435 923 406 923 405 923 403 923 402 923 387 933 340 924 338 924 282 927 283 978"/></Shape>
            <String CONTENT="filio ab hoſtibus fuſo, coronam quam tum in¬"
                    HPOS="282"
                    VPOS="920"
                    WIDTH="1029"
                    HEIGHT="77"
                    WC="0.9975171793590892"></String>
          </TextLine>
          <TextLine ID="eSc_line_8513a403"
                    TAGREFS="LT8"
                    BASELINE="284 1037 1304 1041" 
                    HPOS="283"
                    VPOS="987"
                    WIDTH="1021"
                    HEIGHT="71">
            <Shape><Polygon POINTS="284 1037 283 1046 301 1054 302 1054 403 1056 405 1056 535 1048 555 1056 557 1056 558 1056 559 1056 560 1056 573 1048 674 1056 676 1056 751 1051 775 1057 776 1057 777 1057 849 1049 927 1049 962 1058 963 1058 964 1058 1033 1052 1066 1058 1067 1058 1142 1052 1150 1057 1151 1057 1153 1057 1154 1057 1155 1057 1168 1051 1302 1053 1304 1041 1303 996 1163 989 1161 989 1160 989 1132 998 1033 989 1032 989 1031 989 1002 998 953 992 952 992 866 999 833 988 831 988 830 988 731 997 692 988 691 988 639 999 603 987 602 987 600 987 599 987 567 999 479 999 377 987 376 987 375 987 346 998 284 998 284 1037"/></Shape>
            <String CONTENT="ter ſolenniter ſacrificandum capiti depoſuerat,"
                    HPOS="283"
                    VPOS="987"
                    WIDTH="1021"
                    HEIGHT="71"
                    WC="0.9903009952382839"></String>
          </TextLine>
          <TextLine ID="eSc_line_c5a7b7c2"
                    TAGREFS="LT8"
                    BASELINE="283 1100 1304 1102" 
                    HPOS="282"
                    VPOS="1048"
                    WIDTH="1022"
                    HEIGHT="73">
            <Shape><Polygon POINTS="283 1100 282 1110 302 1120 303 1120 304 1120 306 1120 323 1112 388 1118 390 1118 439 1112 451 1120 452 1120 454 1120 455 1121 547 1121 547 1120 548 1120 563 1112 774 1120 775 1120 776 1120 794 1112 859 1121 860 1121 967 1113 1179 1113 1189 1121 1190 1121 1191 1121 1193 1121 1235 1113 1302 1121 1304 1102 1303 1058 1145 1049 1144 1049 1094 1061 971 1053 969 1053 923 1061 895 1051 894 1051 893 1051 892 1051 851 1061 806 1049 805 1049 804 1049 802 1049 775 1061 727 1061 696 1048 695 1048 693 1048 692 1048 691 1048 672 1060 579 1048 578 1048 577 1048 550 1061 484 1061 461 1051 460 1051 459 1051 457 1051 425 1060 406 1048 405 1048 403 1048 357 1048 356 1048 355 1048 328 1060 283 1060 283 1100"/></Shape>
            <String CONTENT="rurſus impoſuit, ſignificans mortem filij ſibi"
                    HPOS="282"
                    VPOS="1048"
                    WIDTH="1022"
                    HEIGHT="73"
                    WC="0.9788406607897385"></String>
          </TextLine>
          <TextLine ID="eSc_line_64cca9a4"
                    TAGREFS="LT8"
                    BASELINE="286 1162 1306 1162" 
                    HPOS="286"
                    VPOS="1115"
                    WIDTH="1020"
                    HEIGHT="71">
            <Shape><Polygon POINTS="286 1162 286 1185 327 1177 442 1177 452 1185 454 1185 455 1185 456 1186 696 1186 696 1185 738 1177 890 1177 913 1185 914 1185 915 1185 917 1185 947 1177 1076 1185 1077 1185 1306 1180 1306 1162 1306 1115 286 1115 286 1162"/></Shape>
            <String CONTENT="plus uoluptatis, quam doloris attuliſſe. Fertur"
                    HPOS="286"
                    VPOS="1115"
                    WIDTH="1020"
                    HEIGHT="71"
                    WC="0.9775788707936064"></String>
          </TextLine>
          <TextLine ID="eSc_line_48781628"
                    TAGREFS="LT8"
                    BASELINE="284 1223 1307 1225" 
                    HPOS="284"
                    VPOS="1172"
                    WIDTH="1023"
                    HEIGHT="68">
            <Shape><Polygon POINTS="284 1223 284 1240 1306 1239 1307 1225 1306 1185 1147 1174 1146 1174 1104 1182 1057 1175 1056 1175 1055 1175 1032 1185 954 1177 953 1177 952 1177 951 1177 940 1186 878 1186 833 1174 831 1174 830 1174 829 1174 805 1185 760 1172 759 1172 707 1172 706 1172 705 1172 673 1184 555 1177 554 1177 553 1177 552 1177 543 1185 488 1185 464 1176 462 1176 461 1176 412 1181 387 1172 386 1172 319 1172 318 1172 317 1172 316 1172 299 1184 284 1184 284 1223"/></Shape>
            <String CONTENT="de Antigono rege Macedonum, quum filium"
                    HPOS="284"
                    VPOS="1172"
                    WIDTH="1023"
                    HEIGHT="68"
                    WC="0.9943484419431442"></String>
          </TextLine>
          <TextLine ID="eSc_line_06fcda3d"
                    TAGREFS="LT8"
                    BASELINE="283 1287 1306 1285" 
                    HPOS="282"
                    VPOS="1238"
                    WIDTH="1024"
                    HEIGHT="69">
            <Shape><Polygon POINTS="283 1287 284 1307 301 1299 474 1299 488 1305 489 1305 490 1307 993 1307 993 1305 1037 1299 1269 1305 1270 1305 1304 1298 1306 1285 1304 1248 1289 1240 1288 1240 1287 1240 1285 1240 1270 1248 1149 1248 1127 1239 1126 1239 1125 1239 1124 1239 1122 1239 1112 1248 957 1248 944 1238 943 1238 942 1238 940 1238 879 1246 836 1238 835 1238 692 1240 691 1240 673 1246 638 1238 637 1238 552 1238 550 1238 549 1238 524 1246 432 1246 420 1238 419 1238 417 1238 416 1238 415 1238 382 1248 322 1248 304 1239 303 1239 302 1239 301 1239 282 1244 283 1287"/></Shape>
            <String CONTENT="in acie concidiſſe audiſſet, in hanc uocem eru¬"
                    HPOS="282"
                    VPOS="1238"
                    WIDTH="1024"
                    HEIGHT="69"
                    WC="0.9833417978692562"></String>
          </TextLine>
          <TextLine ID="eSc_line_1b8925f1"
                    TAGREFS="LT8"
                    BASELINE="286 1349 1308 1349" 
                    HPOS="286"
                    VPOS="1297"
                    WIDTH="1022"
                    HEIGHT="76">
            <Shape><Polygon POINTS="286 1349 286 1369 434 1361 466 1372 467 1372 469 1372 470 1372 471 1372 489 1361 540 1361 555 1372 557 1372 558 1372 559 1373 614 1373 614 1372 616 1372 639 1361 728 1368 730 1368 731 1368 750 1361 805 1372 806 1373 887 1373 887 1372 888 1372 889 1372 905 1361 922 1361 935 1368 937 1368 938 1368 994 1372 996 1372 997 1372 1018 1366 1031 1372 1032 1372 1033 1372 1083 1364 1112 1369 1114 1369 1115 1369 1116 1369 1127 1361 1149 1368 1150 1368 1151 1368 1153 1368 1176 1361 1199 1372 1200 1372 1201 1373 1273 1373 1273 1372 1274 1372 1308 1359 1308 1349 1308 1297 1267 1297 1265 1297 1264 1297 1245 1307 1186 1297 1151 1297 1150 1297 1149 1297 1147 1297 1132 1307 1086 1297 1085 1297 1083 1297 1053 1307 939 1307 910 1297 909 1297 874 1297 873 1297 871 1297 848 1308 736 1308 706 1297 705 1297 703 1297 702 1297 681 1308 569 1308 524 1297 439 1297 437 1297 436 1297 401 1307 348 1297 347 1297 346 1297 345 1297 332 1305 286 1305 286 1349"/></Shape>
            <String CONTENT="piſſe, O Alcynoe ſera nimis tua mors eſt, qui"
                    HPOS="286"
                    VPOS="1297"
                    WIDTH="1022"
                    HEIGHT="76"
                    WC="0.9879633545875549"></String>
          </TextLine>
          <TextLine ID="eSc_line_84bea4c4"
                    TAGREFS="LT8"
                    BASELINE="281 1404 1306 1411" 
                    HPOS="279"
                    VPOS="1358"
                    WIDTH="1027"
                    HEIGHT="77">
            <Shape><Polygon POINTS="281 1404 279 1417 392 1427 393 1427 395 1427 410 1420 510 1420 524 1427 525 1427 526 1427 528 1427 529 1427 538 1421 627 1421 647 1431 648 1431 649 1431 738 1423 787 1432 789 1432 987 1423 1021 1433 1022 1433 1023 1433 1061 1427 1101 1433 1102 1433 1104 1433 1125 1425 1137 1435 1139 1435 1140 1435 1141 1435 1304 1423 1306 1411 1306 1371 1194 1361 1193 1361 1082 1366 1073 1359 1072 1359 1071 1359 1070 1359 912 1366 845 1358 844 1358 843 1358 841 1358 828 1368 750 1368 728 1358 727 1358 726 1358 725 1358 706 1367 656 1358 654 1358 653 1358 629 1366 400 1366 386 1358 385 1358 383 1358 382 1358 381 1358 371 1364 281 1364 281 1404"/></Shape>
            <String CONTENT="tanta temeritate hoſtes aggreſſus interijſti, ne¬"
                    HPOS="279"
                    VPOS="1358"
                    WIDTH="1027"
                    HEIGHT="77"
                    WC="0.9924319398646452"></String>
          </TextLine>
          <TextLine ID="eSc_line_59ea6df6"
                    TAGREFS="LT8"
                    BASELINE="287 1467 1309 1473" 
                    HPOS="286"
                    VPOS="1420"
                    WIDTH="1023"
                    HEIGHT="75">
            <Shape><Polygon POINTS="287 1467 286 1490 381 1491 382 1491 383 1491 407 1482 454 1491 455 1491 456 1491 490 1482 508 1489 509 1489 510 1489 593 1481 641 1491 642 1491 687 1485 697 1492 697 1494 698 1494 700 1494 701 1494 752 1482 795 1489 796 1489 797 1489 807 1484 821 1491 823 1491 824 1491 825 1491 854 1484 878 1494 879 1494 880 1494 882 1494 908 1484 961 1495 962 1495 1100 1484 1130 1495 1131 1495 1132 1495 1173 1486 1307 1490 1309 1473 1308 1435 1056 1427 1055 1427 1001 1433 976 1423 974 1423 947 1423 945 1423 944 1423 943 1423 928 1433 887 1425 885 1425 884 1425 853 1433 752 1433 738 1423 737 1423 736 1423 698 1421 575 1421 574 1421 573 1421 553 1431 533 1425 531 1425 530 1425 479 1430 464 1422 462 1422 461 1422 360 1430 331 1420 329 1420 328 1420 287 1420 287 1467"/></Shape>
            <String CONTENT="gligens tuæ ſalutis, meorum́  monitorum."
                    HPOS="286"
                    VPOS="1420"
                    WIDTH="1023"
                    HEIGHT="75"
                    ></String>
          </TextLine>
          <TextLine ID="eSc_line_d66bae56"
                    TAGREFS="LT8"
                    BASELINE="291 1527 1308 1534" 
                    HPOS="289"
                    VPOS="1480"
                    WIDTH="1019"
                    HEIGHT="74">
            <Shape><Polygon POINTS="291 1527 289 1540 329 1549 331 1549 387 1542 400 1550 401 1550 402 1550 403 1550 405 1550 421 1545 495 1551 496 1551 533 1545 569 1551 570 1551 572 1551 594 1544 698 1553 700 1553 794 1545 814 1553 815 1553 816 1553 818 1553 845 1545 924 1554 925 1554 973 1546 1071 1546 1082 1554 1083 1554 1085 1554 1086 1554 1131 1547 1140 1554 1141 1554 1142 1554 1144 1554 1206 1547 1227 1554 1228 1554 1229 1554 1307 1551 1308 1534 1307 1485 1244 1485 1243 1485 1242 1485 1214 1497 979 1497 959 1484 958 1484 957 1484 956 1484 854 1492 833 1482 831 1482 799 1482 797 1482 796 1482 770 1495 713 1494 700 1481 698 1481 697 1481 696 1481 590 1494 569 1481 568 1481 567 1481 518 1481 516 1481 515 1481 514 1481 493 1494 449 1494 430 1484 429 1484 427 1484 426 1484 411 1491 387 1480 386 1480 385 1480 383 1480 358 1492 328 1480 327 1480 326 1480 324 1480 323 1480 306 1492 291 1492 291 1527"/></Shape>
            <String CONTENT="Voluit quidem his uerbis affirmare, non eſſe"
                    HPOS="289"
                    VPOS="1480"
                    WIDTH="1019"
                    HEIGHT="74"
                    WC="0.9861222275278785"></String>
          </TextLine>
          <TextLine ID="eSc_line_8885e5a8"
                    TAGREFS="LT8"
                    BASELINE="283 1591 1306 1598" 
                    HPOS="282"
                    VPOS="1540"
                    WIDTH="1024"
                    HEIGHT="76">
            <Shape><Polygon POINTS="283 1591 282 1601 336 1611 337 1611 435 1604 466 1610 467 1610 469 1610 481 1604 504 1613 505 1613 506 1613 559 1606 671 1613 672 1613 673 1613 692 1606 756 1614 757 1614 801 1606 979 1615 981 1615 982 1615 983 1615 992 1609 1037 1614 1038 1614 1040 1614 1061 1608 1101 1616 1102 1616 1155 1609 1183 1616 1184 1616 1185 1616 1304 1608 1306 1598 1304 1546 1175 1553 1125 1545 1124 1545 1122 1545 1121 1545 1106 1555 1066 1551 1065 1551 1063 1551 1035 1560 1011 1560 991 1547 989 1547 988 1547 987 1547 986 1547 984 1547 971 1559 920 1559 894 1549 893 1549 892 1549 845 1555 828 1542 826 1542 825 1542 824 1542 823 1542 781 1554 761 1544 760 1544 705 1542 703 1542 702 1542 671 1558 568 1558 526 1544 525 1544 524 1544 523 1544 488 1556 283 1540 283 1591"/></Shape>
            <String CONTENT="deplorandum, qui ſibi ſui interitus ipſe autor"
                    HPOS="282"
                    VPOS="1540"
                    WIDTH="1024"
                    HEIGHT="76"
                    WC="0.9886427068192026"></String>
          </TextLine>
          <TextLine ID="eSc_line_20f6cc69"
                    TAGREFS="LT8"
                    BASELINE="281 1653 755 1659 1307 1657" 
                    HPOS="279"
                    VPOS="1600"
                    WIDTH="1028"
                    HEIGHT="90">
            <Shape><Polygon POINTS="281 1653 279 1674 355 1674 471 1689 472 1689 564 1687 565 1687 611 1675 722 1689 723 1689 770 1680 871 1689 873 1689 874 1689 902 1677 1003 1677 1030 1690 1031 1690 1032 1690 1033 1690 1066 1679 1112 1687 1114 1687 1183 1682 1196 1690 1198 1690 1199 1690 1200 1690 1201 1690 1227 1683 1247 1690 1248 1690 1249 1690 1306 1688 1307 1657 1304 1613 1215 1615 1200 1608 1199 1608 1198 1608 1196 1608 1174 1615 1161 1605 1160 1605 1159 1605 1122 1603 1121 1603 1120 1603 1096 1613 1052 1603 1051 1603 1050 1603 1009 1616 967 1616 888 1601 805 1601 804 1601 802 1601 771 1615 659 1615 603 1601 602 1601 550 1611 471 1600 470 1600 469 1600 442 1613 383 1600 382 1600 331 1609 298 1600 297 1600 296 1600 294 1600 281 1606 281 1653"/></Shape>
            <String CONTENT="fuiſſet. Cum Horatio Puluillo in dedicatione"
                    HPOS="279"
                    VPOS="1600"
                    WIDTH="1028"
                    HEIGHT="90"
                    WC="0.9974952949718996"></String>
          </TextLine>
        </TextBlock>
        <TextBlock HPOS="938"
                   VPOS="1677"
                   WIDTH="166"
                   HEIGHT="77"
                   ID="eSc_textblock_457ce78e"
                   TAGREFS="BT17">
          <Shape><Polygon POINTS="1053 1754 953 1749 944 1738 938 1677 1104 1682 1104 1751"/></Shape>
          <TextLine ID="eSc_line_28f4fa31"
                    TAGREFS="LT8"
                    BASELINE="942 1720 1082 1723" 
                    HPOS="939"
                    VPOS="1665"
                    WIDTH="143"
                    HEIGHT="89">
            <Shape><Polygon POINTS="954 1738 1001 1739 1023 1753 1025 1753 1026 1753 1027 1754 1081 1754 1082 1723 1082 1672 1066 1668 1065 1668 1063 1668 1062 1668 1025 1684 1001 1684 988 1672 988 1670 987 1670 986 1670 956 1665 939 1722"/></Shape>
            <String CONTENT="C ij"
                    HPOS="939"
                    VPOS="1665"
                    WIDTH="143"
                    HEIGHT="89"
                    WC="0.998227134346962"></String>
          </TextLine>
        </TextBlock>
        <TextBlock HPOS="1170"
                   VPOS="1684"
                   WIDTH="140"
                   HEIGHT="63"
                   ID="eSc_textblock_219c7419"
                   TAGREFS="BT17">
          <Shape><Polygon POINTS="1310 1688 1303 1739 1170 1747 1170 1684"/></Shape>
          <TextLine ID="eSc_line_e88a4fbd"
                    TAGREFS="LT8"
                    BASELINE="1170 1723 1302 1721" 
                    HPOS="1169"
                    VPOS="1682"
                    WIDTH="133"
                    HEIGHT="72">
            <Shape><Polygon POINTS="1170 1723 1170 1753 1219 1748 1229 1754 1230 1754 1232 1754 1233 1754 1234 1754 1253 1744 1282 1753 1283 1753 1284 1753 1285 1753 1302 1744 1302 1721 1297 1682 1270 1690 1193 1684 1191 1684 1190 1684 1169 1690 1170 1723"/></Shape>
            <String CONTENT="tem¬"
                    HPOS="1169"
                    VPOS="1682"
                    WIDTH="133"
                    HEIGHT="72"
                    ></String>
          </TextLine>
        </TextBlock>
      </PrintSpace>
    </Page>
  </Layout>
</alto>
