<?xml version="1.0" encoding="UTF-8"?>
<alto xmlns:xsi="http://www.w3.org/2001/XMLSchema-instance"
      xmlns="http://www.loc.gov/standards/alto/ns-v4#"
      xsi:schemaLocation="http://www.loc.gov/standards/alto/ns-v4# http://www.loc.gov/standards/alto/v4/alto-4-2.xsd">
  <Description>
    <MeasurementUnit>pixel</MeasurementUnit>
    <sourceImageInformation>
      <fileName>uk4nGb4kSHAk5qgm.jpg</fileName>
    </sourceImageInformation>
  </Description>
  <Tags>
    <OtherTag ID="BT7" LABEL="CustomZone" DESCRIPTION="block type CustomZone"/><OtherTag ID="BT8" LABEL="DamageZone" DESCRIPTION="block type DamageZone"/><OtherTag ID="BT9" LABEL="DigitizationArtefactZone" DESCRIPTION="block type DigitizationArtefactZone"/><OtherTag ID="BT10" LABEL="DropCapitalZone" DESCRIPTION="block type DropCapitalZone"/><OtherTag ID="BT11" LABEL="GraphicZone" DESCRIPTION="block type GraphicZone"/><OtherTag ID="BT12" LABEL="MainZone" DESCRIPTION="block type MainZone"/><OtherTag ID="BT13" LABEL="MarginTextZone" DESCRIPTION="block type MarginTextZone"/><OtherTag ID="BT14" LABEL="MusicZone" DESCRIPTION="block type MusicZone"/><OtherTag ID="BT15" LABEL="NumberingZone" DESCRIPTION="block type NumberingZone"/><OtherTag ID="BT17" LABEL="QuireMarksZone" DESCRIPTION="block type QuireMarksZone"/><OtherTag ID="BT18" LABEL="RunningTitleZone" DESCRIPTION="block type RunningTitleZone"/><OtherTag ID="BT19" LABEL="SealZone" DESCRIPTION="block type SealZone"/><OtherTag ID="BT20" LABEL="StampZone" DESCRIPTION="block type StampZone"/><OtherTag ID="BT21" LABEL="TableZone" DESCRIPTION="block type TableZone"/><OtherTag ID="BT22" LABEL="TitlePageZone" DESCRIPTION="block type TitlePageZone"/><OtherTag ID="BT3669" LABEL="text" DESCRIPTION="block type text"/>
    <OtherTag ID="LT7" LABEL="CustomLine" DESCRIPTION="line type CustomLine"/><OtherTag ID="LT8" LABEL="DefaultLine" DESCRIPTION="line type DefaultLine"/><OtherTag ID="LT9" LABEL="DropCapitalLine" DESCRIPTION="line type DropCapitalLine"/><OtherTag ID="LT10" LABEL="HeadingLine" DESCRIPTION="line type HeadingLine"/><OtherTag ID="LT11" LABEL="InterlinearLine" DESCRIPTION="line type InterlinearLine"/><OtherTag ID="LT12" LABEL="MusicLine" DESCRIPTION="line type MusicLine"/><OtherTag ID="LT1351" LABEL="default" DESCRIPTION="line type default"/>
  </Tags>
  <Layout>
    <Page WIDTH="1711"
          HEIGHT="2258"
          PHYSICAL_IMG_NR="34"
          ID="eSc_dummypage_">
      <PrintSpace HPOS="0"
                  VPOS="0"
                  WIDTH="1711"
                  HEIGHT="2258">
        <TextBlock HPOS="251"
                   VPOS="110"
                   WIDTH="1073"
                   HEIGHT="1564"
                   ID="eSc_textblock_2a0e31fd"
                   TAGREFS="BT12">
          <Shape><Polygon POINTS="1309 120 1324 391 1309 781 1324 911 1292 1674 908 1674 908 1668 262 1668 251 1609 256 185 276 115 406 110"/></Shape>
          <TextLine ID="eSc_line_1651c06b"
                    TAGREFS="LT8"
                    BASELINE="273 166 1300 160" 
                    HPOS="272"
                    VPOS="111"
                    WIDTH="1028"
                    HEIGHT="74">
            <Shape><Polygon POINTS="1289 119 1276 119 1264 119 1251 119 1239 119 1226 119 1213 119 1201 119 1188 117 1176 117 1163 117 1151 117 1144 117 1138 117 1126 117 1113 117 1100 117 1088 117 1085 116 1083 119 1078 116 1075 116 1063 116 1050 116 1038 116 1025 116 1013 116 1000 116 987 116 975 116 962 115 887 120 862 115 862 115 849 114 844 114 838 120 734 120 720 112 711 112 699 112 691 112 641 119 590 111 588 111 542 121 514 111 513 111 512 111 421 119 395 112 394 112 392 112 391 112 390 112 376 122 279 116 272 122 273 166 273 184 325 185 326 185 327 185 345 178 414 185 415 185 498 178 512 184 513 184 514 185 642 185 642 184 696 176 724 183 725 183 726 183 728 183 729 183 739 175 785 183 787 183 862 175 877 181 878 181 879 181 881 181 882 181 891 174 926 181 927 181 976 174 1069 181 1070 181 1121 173 1178 180 1180 180 1181 180 1208 173 1236 180 1237 180 1239 180 1300 178 1300 160 1298 119 1289 119"/></Shape>
            <String CONTENT="rum habebat, uoluit tamen ex bellicis ſtudijs"
                    HPOS="272"
                    VPOS="111"
                    WIDTH="1028"
                    HEIGHT="74"
                    WC="0.995323203669654"></String>
          </TextLine>
          <TextLine ID="eSc_line_1f819e74"
                    TAGREFS="LT8"
                    BASELINE="277 230 1305 222" 
                    HPOS="277"
                    VPOS="171"
                    WIDTH="1028"
                    HEIGHT="79">
            <Shape><Polygon POINTS="277 245 321 250 322 250 323 250 325 250 336 242 369 248 370 248 426 240 439 249 440 249 441 249 443 250 475 250 475 249 477 249 504 240 568 249 569 249 571 249 610 239 651 245 652 245 754 238 785 247 787 247 788 247 789 247 807 239 862 247 863 247 911 238 940 245 941 245 942 245 944 245 961 237 1156 244 1157 244 1304 235 1305 222 1303 185 1250 185 1231 175 1230 175 1228 175 1227 175 1197 183 1168 171 1167 171 1166 171 1072 185 1016 180 1015 180 1014 180 1013 180 1013 181 1006 188 842 188 822 176 820 176 819 176 753 175 751 175 685 190 649 190 627 176 626 176 625 176 623 176 583 184 572 176 571 176 569 176 568 176 480 190 456 178 455 178 454 178 429 179 428 179 426 179 414 189 389 179 387 179 322 179 321 179 320 179 318 179 303 190 277 180 277 230 277 245"/></Shape>
            <String CONTENT="multo præclarius reddere, non caruiſſet uo¬"
                    HPOS="277"
                    VPOS="171"
                    WIDTH="1028"
                    HEIGHT="79"
                    WC="0.9921320066895596"></String>
          </TextLine>
          <TextLine ID="eSc_line_9d9fe1a7"
                    TAGREFS="LT8"
                    BASELINE="276 291 1305 284" 
                    HPOS="274"
                    VPOS="234"
                    WIDTH="1031"
                    HEIGHT="75">
            <Shape><Polygon POINTS="276 291 276 309 320 303 479 309 480 309 482 309 498 302 573 308 574 308 576 308 577 308 586 302 854 307 856 307 857 307 869 301 890 307 891 307 892 307 976 299 989 306 990 306 991 306 1304 298 1305 284 1304 247 1276 234 1275 234 1274 234 1272 234 1249 247 1169 247 1129 234 1128 234 1127 234 1126 234 1079 248 974 248 922 235 896 235 895 235 893 235 892 235 878 248 854 237 853 237 852 237 851 237 819 248 769 239 768 239 767 239 745 245 734 237 733 237 731 237 730 237 729 237 705 243 605 238 603 238 602 238 588 244 490 238 489 238 488 238 487 238 469 252 443 252 428 239 426 239 425 239 424 239 364 250 274 247 276 291"/></Shape>
            <String CONTENT="tum ſucceſſu, ſi nõ fati neceſſitas conatibus ob£"
                    HPOS="274"
                    VPOS="234"
                    WIDTH="1031"
                    HEIGHT="75"
                    ></String>
          </TextLine>
          <TextLine ID="eSc_line_3f430ae4"
                    TAGREFS="LT8"
                    BASELINE="277 352 1304 346" 
                    HPOS="276"
                    VPOS="294"
                    WIDTH="1028"
                    HEIGHT="79">
            <Shape><Polygon POINTS="277 352 277 367 289 373 291 373 292 373 293 373 295 373 305 366 454 366 470 372 472 372 473 372 520 365 672 370 674 370 739 363 779 372 780 372 782 372 799 363 844 371 846 371 946 363 989 371 990 371 991 371 1026 362 1054 371 1055 371 1056 371 1303 365 1304 346 1301 308 1182 308 1157 294 1156 294 1154 294 1153 294 1152 294 1133 307 1088 296 1087 296 1085 296 1084 296 1049 304 1004 301 1002 301 1001 301 1000 301 990 309 907 309 892 298 891 298 890 298 888 298 887 298 867 306 826 302 824 302 823 302 822 302 808 311 702 311 694 303 692 303 691 303 690 303 689 303 687 303 677 311 612 298 611 298 551 309 510 298 509 298 485 298 484 298 483 298 482 298 470 308 459 299 458 299 456 299 455 299 355 307 276 301 277 352"/></Shape>
            <String CONTENT="ſtiriſſet. Occidit autem eodem planè caſu, quo"
                    HPOS="276"
                    VPOS="294"
                    WIDTH="1028"
                    HEIGHT="79"
                    WC="0.9785035214525588"></String>
          </TextLine>
          <TextLine ID="eSc_line_2070b721"
                    TAGREFS="LT8"
                    BASELINE="277 413 1308 408" 
                    HPOS="276"
                    VPOS="361"
                    WIDTH="1032"
                    HEIGHT="75">
            <Shape><Polygon POINTS="277 413 277 430 416 429 433 436 434 436 435 436 483 427 515 436 517 436 518 436 519 436 543 426 627 426 662 435 664 435 665 435 790 425 803 434 804 434 805 434 807 434 808 434 838 425 891 434 892 434 893 434 913 426 925 434 926 434 927 434 928 434 982 427 1029 434 1030 434 1088 425 1124 432 1126 432 1127 432 1128 432 1141 424 1163 432 1164 432 1166 434 1241 434 1241 432 1281 424 1306 429 1308 408 1304 367 1162 371 1144 361 1143 361 1142 361 1141 361 1139 361 1122 368 1110 363 1109 363 1108 363 1043 372 1015 361 1014 361 1013 361 1011 361 1010 361 994 373 810 373 794 362 793 362 792 362 743 362 741 362 691 373 670 362 669 362 636 362 635 362 633 362 611 372 515 373 474 366 473 366 433 375 410 363 409 363 407 363 276 363 277 413"/></Shape>
            <String CONTENT="&amp; Princeps noſter, illius autem nunc ingenti"
                    HPOS="276"
                    VPOS="361"
                    WIDTH="1032"
                    HEIGHT="75"
                    WC="0.9989505423740908"></String>
          </TextLine>
          <TextLine ID="eSc_line_95cda56e"
                    TAGREFS="LT8"
                    BASELINE="277 475 1304 470" 
                    HPOS="276"
                    VPOS="421"
                    WIDTH="1028"
                    HEIGHT="77">
            <Shape><Polygon POINTS="277 475 277 489 371 498 372 498 374 498 389 490 406 496 407 496 409 496 443 490 711 496 713 496 714 496 730 489 763 495 764 495 765 495 792 487 1014 495 1015 495 1118 486 1249 494 1250 494 1303 485 1304 470 1303 432 1262 421 1261 421 1260 421 1259 421 1231 432 1178 432 1164 421 1163 421 1162 421 1161 421 1115 427 1103 421 1102 421 1100 421 1099 421 1098 421 1084 431 997 425 996 425 995 425 977 434 828 434 805 422 804 422 803 422 736 435 638 435 625 427 623 427 622 427 621 427 595 434 581 424 579 424 578 424 577 424 500 435 460 426 459 426 458 426 436 435 411 425 410 425 409 425 276 429 277 475"/></Shape>
            <String CONTENT="deſyderio inclyta gentilitas, et amici penè mori¬"
                    HPOS="276"
                    VPOS="421"
                    WIDTH="1028"
                    HEIGHT="77"
                    WC="0.97439661860466"></String>
          </TextLine>
          <TextLine ID="eSc_line_72b4c4fb"
                    TAGREFS="LT8"
                    BASELINE="278 538 1303 533" 
                    HPOS="277"
                    VPOS="484"
                    WIDTH="1026"
                    HEIGHT="74">
            <Shape><Polygon POINTS="278 538 278 550 532 558 533 558 534 558 536 558 546 550 600 556 601 556 704 550 729 556 730 556 731 556 733 556 745 550 927 555 928 555 964 549 990 555 991 555 992 555 1046 548 1064 554 1065 554 1067 554 1303 548 1303 533 1301 495 1272 484 1271 484 1270 484 1225 495 1167 495 1143 485 1142 485 1141 485 1139 485 1123 492 1090 486 1089 486 1088 486 1068 494 1048 484 1046 484 1045 484 989 496 873 496 843 485 842 485 790 485 789 485 788 485 755 498 597 498 581 486 579 486 578 486 544 486 543 486 542 486 519 492 450 487 449 487 448 487 446 487 435 495 424 489 423 489 421 489 420 489 397 498 337 487 336 487 277 499 278 538"/></Shape>
            <String CONTENT="untur. Quid referam Guiricum Comitem ab"
                    HPOS="277"
                    VPOS="484"
                    WIDTH="1026"
                    HEIGHT="74"
                    WC="0.9884350162286025"></String>
          </TextLine>
          <TextLine ID="eSc_line_57983c5f"
                    TAGREFS="LT8"
                    BASELINE="278 599 1300 595" 
                    HPOS="277"
                    VPOS="546"
                    WIDTH="1023"
                    HEIGHT="77">
            <Shape><Polygon POINTS="278 599 278 615 355 613 367 622 369 622 370 622 371 622 372 622 400 613 435 622 436 622 438 622 439 622 453 614 463 622 464 622 465 622 466 623 538 623 538 622 596 613 621 619 622 619 623 619 625 619 626 619 636 612 738 618 739 618 810 612 846 620 847 620 848 620 888 612 957 620 959 620 1158 612 1182 619 1183 619 1185 619 1299 618 1300 595 1298 560 1245 560 1217 546 1216 546 1215 546 1213 546 1186 554 1158 546 1157 546 1077 546 1075 546 1074 546 1073 546 1051 560 957 560 940 548 938 548 937 548 936 548 935 548 911 558 891 548 890 548 832 548 831 548 829 548 802 560 741 551 740 551 593 563 483 563 451 549 450 549 449 549 390 558 379 549 377 549 376 549 375 549 277 554 278 599"/></Shape>
            <String CONTENT="Oberſteyn, iuuenem mirificis quo dotibus"
                    HPOS="277"
                    VPOS="546"
                    WIDTH="1023"
                    HEIGHT="77"
                    WC="0.9979169877564035"></String>
          </TextLine>
          <TextLine ID="eSc_line_cd990a11"
                    TAGREFS="LT8"
                    BASELINE="274 662 1300 656" 
                    HPOS="273"
                    VPOS="609"
                    WIDTH="1027"
                    HEIGHT="73">
            <Shape><Polygon POINTS="274 662 274 682 326 676 477 682 478 682 479 682 512 674 562 681 563 681 564 681 582 674 725 679 726 679 834 673 872 679 873 679 874 679 898 672 928 678 930 678 986 672 1002 678 1004 678 1005 678 1094 671 1112 677 1113 677 1114 677 1299 672 1300 656 1298 618 1122 613 1121 613 1087 619 1078 613 1077 613 1075 613 1074 613 969 619 907 609 906 609 905 609 879 615 853 610 852 610 851 610 849 610 836 619 799 612 798 612 740 619 716 610 715 610 714 610 713 610 680 622 666 612 665 612 664 612 637 612 636 612 635 612 607 622 592 612 591 612 590 612 517 612 515 612 514 612 494 622 431 614 430 614 429 614 428 614 415 624 389 624 374 613 372 613 371 613 343 613 342 613 273 623 274 662"/></Shape>
            <String CONTENT="politum, eadem fatorum uiolentia uiuis exem¬"
                    HPOS="273"
                    VPOS="609"
                    WIDTH="1027"
                    HEIGHT="73"
                    WC="0.997039104049856"></String>
          </TextLine>
          <TextLine ID="eSc_line_10455cca"
                    TAGREFS="LT8"
                    BASELINE="276 725 1295 720" 
                    HPOS="274"
                    VPOS="671"
                    WIDTH="1021"
                    HEIGHT="75">
            <Shape><Polygon POINTS="276 725 276 746 371 738 478 745 479 745 608 737 753 743 754 743 797 736 1272 741 1274 741 1275 741 1295 733 1295 720 1294 681 1264 671 1262 671 1261 671 1222 679 1186 671 1185 671 1183 671 1147 678 1109 671 1108 671 1107 671 1105 671 1092 679 1054 674 1053 674 1051 674 1036 681 877 672 876 672 874 672 843 681 812 672 810 672 809 672 808 672 782 682 700 673 699 673 697 673 670 682 633 674 632 674 631 674 608 682 536 677 534 677 533 677 520 683 495 674 494 674 493 674 492 674 463 682 426 674 305 674 303 674 302 674 274 684 276 725"/></Shape>
            <String CONTENT="ptum, cuius ętatis decurſus feſtinatus illuſtriſs."
                    HPOS="274"
                    VPOS="671"
                    WIDTH="1021"
                    HEIGHT="75"
                    ></String>
          </TextLine>
          <TextLine ID="eSc_line_206d8dd1"
                    TAGREFS="LT8"
                    BASELINE="271 786 1299 784" 
                    HPOS="269"
                    VPOS="732"
                    WIDTH="1030"
                    HEIGHT="74">
            <Shape><Polygon POINTS="271 786 271 797 311 806 312 806 313 806 343 797 375 804 376 804 493 797 505 805 507 805 508 805 509 805 510 805 532 797 543 806 544 806 546 806 547 806 548 806 578 797 598 806 600 806 601 806 659 797 684 805 685 805 686 805 687 805 713 797 725 806 726 806 728 806 729 806 730 806 749 800 783 806 784 806 832 796 1296 805 1299 784 1295 742 1279 742 1265 732 1264 732 1262 732 1261 732 1210 741 1190 732 1188 732 1019 732 1018 732 1016 732 994 743 954 743 922 732 921 732 920 732 918 732 900 740 869 733 868 733 867 733 866 733 853 742 838 732 837 732 836 732 788 732 787 732 785 732 759 745 699 745 681 733 680 733 679 733 677 733 676 733 656 745 522 745 482 733 480 733 479 733 428 743 409 733 407 733 360 733 359 733 357 733 336 745 269 745 271 786"/></Shape>
            <String CONTENT="eam familiam non modico luctu debilitauit. In"
                    HPOS="269"
                    VPOS="732"
                    WIDTH="1030"
                    HEIGHT="74"
                    WC="0.9823065254423353"></String>
          </TextLine>
          <TextLine ID="eSc_line_bec565d2"
                    TAGREFS="LT8"
                    BASELINE="276 850 1296 844" 
                    HPOS="274"
                    VPOS="795"
                    WIDTH="1022"
                    HEIGHT="78">
            <Shape><Polygon POINTS="276 850 276 868 297 873 298 873 300 873 301 873 318 860 377 868 379 868 380 868 399 860 429 865 430 865 627 859 681 871 682 871 775 858 833 865 834 865 956 858 1002 869 1004 869 1005 869 1173 863 1222 868 1223 868 1295 855 1296 844 1292 806 1185 806 1172 799 1171 799 1169 799 1168 799 1167 799 1166 799 1156 807 918 807 888 795 887 795 886 795 832 796 831 796 802 807 764 801 763 801 761 801 760 801 748 809 692 809 667 797 666 797 556 797 554 797 553 797 509 810 459 801 458 801 456 801 431 811 415 800 414 800 413 800 411 800 274 805 276 850"/></Shape>
            <String CONTENT="primis uero Philippum &amp; Ioannem, qui pro¬"
                    HPOS="274"
                    VPOS="795"
                    WIDTH="1022"
                    HEIGHT="78"
                    ></String>
          </TextLine>
          <TextLine ID="eSc_line_8db4a04a"
                    TAGREFS="LT8"
                    BASELINE="276 911 1303 908" 
                    HPOS="274"
                    VPOS="858"
                    WIDTH="1029"
                    HEIGHT="74">
            <Shape><Polygon POINTS="276 911 276 932 364 930 365 930 366 930 376 923 551 928 552 928 620 922 725 922 739 929 740 929 741 929 1169 922 1182 928 1183 928 1185 928 1256 922 1300 927 1303 908 1300 858 1266 858 1265 858 1264 858 1241 870 1201 870 1183 859 1182 859 1181 859 1180 859 1178 859 1177 859 1161 870 1050 870 1031 860 1030 860 1029 860 957 871 879 871 863 859 862 859 861 859 729 859 728 859 726 859 725 859 708 871 681 871 617 859 616 859 615 859 581 871 466 860 465 860 464 860 436 873 399 873 381 860 380 860 379 860 332 860 331 860 274 873 276 911"/></Shape>
            <String CONTENT="prij nominis citius obliuiſcentur, quam chariſ¬"
                    HPOS="274"
                    VPOS="858"
                    WIDTH="1029"
                    HEIGHT="74"
                    ></String>
          </TextLine>
          <TextLine ID="eSc_line_86625c65"
                    TAGREFS="LT8"
                    BASELINE="271 972 1299 969" 
                    HPOS="269"
                    VPOS="922"
                    WIDTH="1030"
                    HEIGHT="63">
            <Shape><Polygon POINTS="271 972 271 984 1296 985 1299 969 1296 933 1262 933 1247 922 1246 922 1245 922 1187 922 1186 922 1185 922 1158 933 1082 933 1067 922 1065 922 1064 922 1063 922 1062 922 1035 929 1011 922 1010 922 1009 922 1008 922 984 932 910 922 908 922 853 933 797 933 769 923 768 923 767 923 765 923 764 923 746 934 716 934 696 923 695 923 694 923 692 923 665 933 638 927 637 927 636 927 635 927 633 927 625 934 504 934 490 923 489 923 488 923 487 923 485 923 449 933 406 923 405 923 331 930 316 923 315 923 313 923 269 925 271 972"/></Shape>
            <String CONTENT="ſimi fratris memoria uiuentibus elabatur. Nec"
                    HPOS="269"
                    VPOS="922"
                    WIDTH="1030"
                    HEIGHT="63"
                    WC="0.979096672270033"></String>
          </TextLine>
          <TextLine ID="eSc_line_c037cf08"
                    TAGREFS="LT8"
                    BASELINE="271 1034 1299 1031" 
                    HPOS="269"
                    VPOS="982"
                    WIDTH="1030"
                    HEIGHT="71">
            <Shape><Polygon POINTS="271 1034 271 1047 401 1047 411 1053 413 1053 414 1053 415 1053 482 1046 509 1052 510 1052 512 1052 630 1044 665 1052 666 1052 667 1052 699 1044 759 1052 760 1053 828 1053 828 1052 829 1052 831 1052 842 1044 877 1052 878 1052 1099 1043 1144 1051 1146 1051 1298 1046 1299 1031 1296 989 1230 982 1228 982 1227 982 1212 989 1192 982 1191 982 1190 982 1188 982 1167 993 1088 993 1026 984 1025 984 984 993 949 984 947 984 946 984 945 984 920 993 897 983 896 983 854 983 853 983 852 983 851 983 839 991 820 983 819 983 743 983 741 983 740 983 713 996 595 996 556 996 541 984 539 984 538 984 537 984 536 984 510 996 482 989 480 989 479 989 454 996 397 984 396 984 328 996 302 984 301 984 300 984 269 984 271 1034"/></Shape>
            <String CONTENT="hoc intermittam, uideas hos primæ eccleſiæ"
                    HPOS="269"
                    VPOS="982"
                    WIDTH="1030"
                    HEIGHT="71"
                    WC="0.9732805916241237"></String>
          </TextLine>
          <TextLine ID="eSc_line_158b7806"
                    TAGREFS="LT8"
                    BASELINE="269 1097 1306 1097" 
                    HPOS="269"
                    VPOS="1048"
                    WIDTH="1037"
                    HEIGHT="72">
            <Shape><Polygon POINTS="269 1097 269 1107 302 1118 303 1118 305 1120 340 1120 340 1118 341 1118 360 1108 374 1115 375 1115 376 1115 377 1115 396 1108 523 1115 524 1115 525 1115 541 1108 553 1116 554 1116 556 1116 557 1116 558 1116 584 1108 709 1108 745 1118 746 1118 748 1118 807 1116 808 1116 809 1116 818 1108 834 1115 836 1115 837 1115 972 1108 1009 1117 1010 1117 1011 1117 1063 1108 1082 1118 1083 1118 1084 1120 1138 1120 1138 1118 1139 1118 1157 1110 1173 1118 1174 1118 1176 1120 1306 1120 1306 1097 1306 1058 1256 1048 1185 1048 1183 1048 1182 1048 1181 1048 1167 1057 1056 1049 1055 1049 1054 1049 1053 1049 1043 1058 1001 1058 984 1049 982 1049 981 1049 980 1049 959 1058 872 1058 820 1048 819 1048 818 1048 800 1057 729 1048 728 1048 726 1048 706 1058 670 1058 643 1048 642 1048 641 1048 640 1048 622 1057 541 1048 539 1048 434 1057 420 1048 419 1048 418 1048 374 1048 372 1048 318 1057 269 1048 269 1097"/></Shape>
            <String CONTENT="apud nos canonicos iuuenes mira ingenij de¬"
                    HPOS="269"
                    VPOS="1048"
                    WIDTH="1037"
                    HEIGHT="72"
                    ></String>
          </TextLine>
          <TextLine ID="eSc_line_92102e15"
                    TAGREFS="LT8"
                    BASELINE="271 1159 1301 1156" 
                    HPOS="269"
                    VPOS="1110"
                    WIDTH="1032"
                    HEIGHT="69">
            <Shape><Polygon POINTS="271 1159 271 1175 582 1170 697 1179 699 1179 753 1170 775 1177 777 1177 778 1177 856 1170 901 1177 902 1177 959 1170 977 1177 979 1177 980 1179 1053 1179 1053 1177 1054 1177 1078 1169 1089 1177 1090 1177 1092 1177 1093 1179 1190 1179 1190 1177 1301 1167 1301 1156 1299 1121 1255 1110 1220 1110 1218 1110 1217 1110 1216 1110 1200 1120 1121 1112 1119 1112 1118 1112 1097 1120 1072 1110 1070 1110 1069 1110 1016 1121 946 1121 901 1110 878 1110 877 1110 876 1110 874 1110 861 1120 750 1111 749 1111 748 1111 746 1111 731 1121 692 1115 691 1115 690 1115 676 1121 665 1113 664 1113 662 1113 661 1113 660 1113 643 1122 549 1122 534 1112 533 1112 532 1112 531 1112 529 1112 507 1117 470 1111 469 1111 468 1111 466 1111 451 1122 416 1122 390 1111 389 1111 387 1111 386 1111 367 1117 269 1112 271 1159"/></Shape>
            <String CONTENT="xteritate ornatos, animos ſuos, ad uirtutum"
                    HPOS="269"
                    VPOS="1110"
                    WIDTH="1032"
                    HEIGHT="69"
                    WC="0.9828316583189853"></String>
          </TextLine>
          <TextLine ID="eSc_line_5672f7c9"
                    TAGREFS="LT8"
                    BASELINE="274 1220 1298 1218" 
                    HPOS="273"
                    VPOS="1169"
                    WIDTH="1025"
                    HEIGHT="74">
            <Shape><Polygon POINTS="274 1220 274 1243 341 1234 431 1234 445 1241 446 1241 448 1241 449 1241 519 1234 569 1234 579 1241 581 1241 582 1241 583 1241 584 1241 602 1234 705 1234 735 1241 736 1241 738 1241 739 1241 754 1234 783 1241 784 1241 785 1241 873 1233 888 1240 890 1240 891 1240 937 1233 975 1240 976 1241 1064 1241 1064 1240 1065 1240 1067 1240 1075 1234 1226 1240 1227 1240 1228 1240 1230 1240 1242 1233 1257 1238 1259 1238 1260 1238 1298 1230 1298 1218 1295 1184 1241 1184 1221 1169 1220 1169 1218 1169 1217 1169 1173 1170 1172 1170 1171 1170 1153 1184 1090 1184 1078 1174 1077 1174 1075 1174 1074 1174 1073 1174 1055 1184 997 1184 965 1169 964 1169 962 1169 961 1169 916 1184 896 1184 882 1172 881 1172 879 1172 878 1172 844 1176 834 1169 833 1169 832 1169 831 1169 788 1175 768 1170 767 1170 765 1170 764 1170 763 1170 745 1181 704 1172 702 1172 701 1172 677 1185 509 1185 492 1172 490 1172 489 1172 488 1172 443 1181 404 1170 402 1170 401 1170 273 1174 274 1220"/></Shape>
            <String CONTENT="gloriam, ita exercere, ut, ſi uita ſuppetet, ad ſum¬"
                    HPOS="273"
                    VPOS="1169"
                    WIDTH="1025"
                    HEIGHT="74"
                    ></String>
          </TextLine>
          <TextLine ID="eSc_line_28bc4582"
                    TAGREFS="LT8"
                    BASELINE="268 1282 1295 1279" 
                    HPOS="267"
                    VPOS="1230"
                    WIDTH="1028"
                    HEIGHT="74">
            <Shape><Polygon POINTS="268 1282 269 1304 286 1295 337 1303 338 1303 380 1295 448 1295 461 1303 463 1303 464 1303 465 1303 523 1297 660 1302 661 1302 662 1302 681 1295 702 1303 704 1303 705 1304 777 1304 777 1303 778 1303 779 1303 787 1295 798 1300 799 1300 800 1300 832 1294 873 1300 874 1300 876 1300 890 1294 972 1294 982 1300 984 1300 985 1300 986 1300 1029 1294 1040 1302 1041 1302 1043 1302 1044 1303 1102 1303 1102 1302 1103 1302 1104 1302 1115 1294 1292 1299 1295 1279 1290 1230 1257 1238 1192 1231 1191 1231 1190 1231 1164 1241 995 1241 935 1231 862 1231 861 1231 859 1231 858 1231 847 1240 829 1233 828 1233 827 1233 826 1233 797 1240 777 1234 775 1234 774 1234 773 1234 772 1234 761 1241 711 1233 710 1233 709 1233 684 1241 672 1233 671 1233 670 1233 669 1233 667 1233 640 1239 597 1233 596 1233 595 1233 593 1233 582 1241 552 1233 551 1233 549 1233 548 1233 513 1241 469 1235 468 1235 466 1235 440 1241 429 1233 428 1233 426 1233 425 1233 424 1233 391 1241 267 1239 268 1282"/></Shape>
            <String CONTENT="mum honeſtatis faſtigium fœliciter proceſſuri"
                    HPOS="267"
                    VPOS="1230"
                    WIDTH="1028"
                    HEIGHT="74"
                    WC="0.9881180259916518"></String>
          </TextLine>
          <TextLine ID="eSc_line_c90b3182"
                    TAGREFS="LT8"
                    BASELINE="267 1343 1291 1341" 
                    HPOS="266"
                    VPOS="1292"
                    WIDTH="1025"
                    HEIGHT="71">
            <Shape><Polygon POINTS="267 1343 267 1354 354 1362 355 1362 356 1362 384 1354 438 1354 450 1362 451 1362 453 1362 454 1362 455 1362 477 1354 488 1362 489 1362 490 1362 492 1363 617 1363 617 1362 659 1354 748 1361 749 1361 750 1361 751 1361 760 1354 828 1361 829 1361 936 1354 950 1361 951 1361 952 1361 985 1354 1053 1361 1054 1361 1055 1361 1077 1353 1102 1361 1103 1361 1104 1361 1290 1357 1291 1341 1286 1293 1275 1298 1231 1292 1230 1292 1228 1292 1227 1292 1211 1303 1156 1303 1114 1292 1113 1292 1112 1292 1110 1292 1079 1302 1046 1295 1045 1295 957 1302 942 1292 941 1292 940 1292 882 1292 881 1292 879 1292 878 1292 867 1299 844 1292 843 1292 842 1292 792 1303 704 1303 681 1293 680 1293 679 1293 677 1293 676 1293 662 1304 519 1304 482 1293 480 1293 479 1293 478 1293 465 1299 384 1293 382 1293 381 1293 364 1302 346 1293 345 1293 284 1293 283 1293 282 1293 266 1300 267 1343"/></Shape>
            <String CONTENT="ſint. Hic quo admoneor Iohannis Comitis"
                    HPOS="266"
                    VPOS="1292"
                    WIDTH="1025"
                    HEIGHT="71"
                    ></String>
          </TextLine>
          <TextLine ID="eSc_line_db38aa06"
                    TAGREFS="LT8"
                    BASELINE="266 1402 1286 1404" 
                    HPOS="266"
                    VPOS="1352"
                    WIDTH="1020"
                    HEIGHT="76">
            <Shape><Polygon POINTS="266 1402 266 1423 305 1417 342 1423 343 1423 345 1423 357 1417 421 1423 423 1423 455 1417 475 1426 477 1426 478 1427 568 1427 568 1426 569 1426 600 1417 637 1425 638 1425 640 1425 659 1417 723 1417 754 1426 755 1426 756 1426 758 1426 790 1418 928 1427 930 1427 1029 1418 1093 1418 1107 1427 1108 1427 1109 1427 1110 1428 1177 1428 1177 1427 1178 1427 1180 1427 1191 1418 1213 1427 1215 1427 1216 1427 1285 1421 1286 1404 1286 1368 1266 1354 1265 1354 1264 1354 1221 1354 1220 1354 1218 1354 1182 1369 1134 1369 1099 1354 1098 1354 1097 1354 1034 1368 1008 1361 1006 1361 1005 1361 928 1368 902 1359 901 1359 900 1359 898 1359 873 1369 792 1369 666 1362 665 1362 664 1362 642 1367 613 1357 612 1357 611 1357 610 1357 579 1366 551 1357 549 1357 548 1357 492 1367 454 1353 453 1353 266 1352 266 1402"/></Shape>
            <String CONTENT="à Solmis, uixdum iuuentutis annos ingreſſi,"
                    HPOS="266"
                    VPOS="1352"
                    WIDTH="1020"
                    HEIGHT="76"
                    WC="0.9834712919863787"></String>
          </TextLine>
          <TextLine ID="eSc_line_a08c5314"
                    TAGREFS="LT8"
                    BASELINE="268 1466 1287 1463" 
                    HPOS="267"
                    VPOS="1416"
                    WIDTH="1020"
                    HEIGHT="75">
            <Shape><Polygon POINTS="268 1466 268 1491 305 1490 306 1490 307 1490 325 1478 532 1478 556 1490 557 1490 558 1490 559 1490 597 1478 641 1486 642 1486 687 1480 700 1489 701 1489 702 1489 704 1489 740 1481 763 1490 764 1490 765 1490 767 1490 805 1478 837 1487 838 1487 839 1487 928 1478 972 1489 974 1490 1034 1490 1034 1489 1035 1489 1063 1480 1075 1489 1077 1489 1078 1489 1079 1490 1176 1490 1176 1489 1177 1489 1178 1489 1190 1481 1265 1485 1266 1485 1267 1485 1287 1476 1287 1463 1285 1431 1240 1420 1239 1420 1237 1420 1196 1431 1058 1431 1013 1422 1011 1422 1010 1422 989 1428 972 1420 971 1420 970 1420 969 1420 946 1428 928 1420 927 1420 926 1420 925 1420 897 1430 871 1420 869 1420 868 1420 836 1426 823 1416 822 1416 820 1416 779 1416 778 1416 777 1416 734 1431 684 1425 682 1425 681 1425 680 1425 670 1431 646 1422 645 1422 643 1422 642 1422 622 1432 584 1432 539 1417 538 1417 500 1417 499 1417 498 1417 497 1417 488 1425 479 1417 478 1417 477 1417 475 1417 267 1417 268 1466"/></Shape>
            <String CONTENT="glorioſo animi motu ad nominis propagatio¬"
                    HPOS="267"
                    VPOS="1416"
                    WIDTH="1020"
                    HEIGHT="75"
                    WC="0.9841880202293396"></String>
          </TextLine>
          <TextLine ID="eSc_line_086f900d"
                    TAGREFS="LT8"
                    BASELINE="264 1526 1290 1529" 
                    HPOS="263"
                    VPOS="1478"
                    WIDTH="1027"
                    HEIGHT="72">
            <Shape><Polygon POINTS="264 1526 263 1539 292 1547 293 1547 295 1549 350 1549 350 1547 351 1547 352 1547 361 1541 474 1547 475 1547 664 1541 696 1547 697 1547 729 1541 736 1547 738 1547 739 1547 740 1547 891 1542 979 1549 980 1549 1035 1542 1049 1549 1050 1549 1051 1550 1259 1550 1259 1549 1289 1541 1290 1529 1290 1492 1256 1480 1255 1480 1254 1480 1222 1486 1178 1480 1177 1480 1176 1480 1174 1480 1158 1491 1075 1480 1074 1480 1073 1480 1046 1492 967 1492 949 1482 947 1482 946 1482 945 1482 932 1489 916 1480 915 1480 843 1480 842 1480 841 1480 839 1480 822 1492 783 1492 763 1478 761 1478 760 1478 759 1478 758 1478 756 1478 745 1489 711 1491 665 1491 647 1478 646 1478 645 1478 643 1478 562 1480 561 1480 543 1487 519 1478 518 1478 517 1478 515 1478 492 1490 448 1478 446 1478 445 1478 264 1489 264 1526"/></Shape>
            <String CONTENT="nem incitati, in idem uitæ diſcrimen illati, &amp; de£"
                    HPOS="263"
                    VPOS="1478"
                    WIDTH="1027"
                    HEIGHT="72"
                    ></String>
          </TextLine>
          <TextLine ID="eSc_line_094d5c38"
                    TAGREFS="LT8"
                    BASELINE="259 1590 1287 1590" 
                    HPOS="259"
                    VPOS="1542"
                    WIDTH="1028"
                    HEIGHT="71">
            <Shape><Polygon POINTS="259 1590 259 1609 303 1604 320 1611 321 1611 322 1611 323 1611 355 1603 413 1603 426 1610 428 1610 429 1610 430 1610 431 1610 459 1603 562 1609 563 1609 597 1603 611 1609 612 1609 613 1609 615 1609 616 1609 623 1603 649 1611 650 1611 651 1613 708 1613 708 1611 758 1603 785 1611 787 1611 788 1611 789 1611 817 1605 935 1611 936 1611 937 1611 952 1604 1015 1611 1016 1611 1018 1611 1053 1603 1074 1611 1075 1611 1077 1613 1144 1613 1144 1611 1146 1611 1167 1604 1247 1611 1249 1611 1287 1601 1287 1590 1287 1551 1262 1542 1261 1542 1260 1542 1185 1549 1072 1542 1070 1542 1069 1542 1068 1542 1053 1554 1002 1554 947 1542 946 1542 945 1542 922 1554 810 1554 770 1542 769 1542 768 1542 767 1542 746 1554 582 1554 509 1542 508 1542 507 1542 482 1553 392 1553 335 1542 333 1542 259 1553 259 1590"/></Shape>
            <String CONTENT="mum non ſine magno ſuorum mœrore, hac lu£"
                    HPOS="259"
                    VPOS="1542"
                    WIDTH="1028"
                    HEIGHT="71"
                    ></String>
          </TextLine>
          <TextLine ID="eSc_line_b4be6f5b"
                    TAGREFS="LT8"
                    BASELINE="264 1652 1285 1652" 
                    HPOS="264"
                    VPOS="1601"
                    WIDTH="1021"
                    HEIGHT="82">
            <Shape><Polygon POINTS="264 1652 264 1675 322 1682 323 1682 357 1674 374 1680 375 1680 376 1680 377 1680 396 1670 441 1677 443 1677 444 1677 445 1677 455 1670 513 1670 566 1682 567 1683 636 1683 636 1682 637 1682 638 1682 646 1675 661 1682 662 1682 664 1683 759 1683 759 1682 760 1682 795 1672 823 1682 824 1682 826 1682 827 1682 828 1682 842 1670 862 1677 863 1677 864 1677 949 1670 964 1682 965 1682 966 1682 967 1682 1014 1680 1015 1680 1016 1680 1028 1673 1098 1673 1132 1682 1133 1682 1134 1682 1136 1682 1163 1670 1223 1670 1245 1680 1246 1680 1247 1680 1249 1680 1250 1680 1264 1672 1284 1674 1285 1652 1284 1611 1250 1613 1232 1601 1231 1601 1230 1601 1178 1601 1177 1601 1176 1601 1159 1609 1141 1603 1139 1603 1138 1603 1090 1614 1002 1614 976 1604 975 1604 974 1604 972 1604 954 1613 905 1613 874 1601 873 1601 872 1601 871 1601 846 1613 767 1613 749 1601 748 1601 746 1601 745 1601 700 1603 699 1603 697 1603 681 1614 597 1614 571 1601 569 1601 529 1601 528 1601 527 1601 512 1610 500 1601 499 1601 498 1601 466 1601 465 1601 464 1601 433 1614 411 1614 394 1601 392 1601 391 1601 390 1601 389 1601 356 1609 264 1606 264 1652"/></Shape>
            <String CONTENT="ce orbati. Inhumaniſſimus ſim oportet, ſi Seba£"
                    HPOS="264"
                    VPOS="1601"
                    WIDTH="1021"
                    HEIGHT="82"
                    ></String>
          </TextLine>
        </TextBlock>
        <TextBlock HPOS="889"
                   VPOS="1660"
                   WIDTH="176"
                   HEIGHT="80"
                   ID="eSc_textblock_5c602ca3"
                   TAGREFS="BT17">
          <Shape><Polygon POINTS="1065 1740 1065 1660 889 1660 889 1740"/></Shape>
          <TextLine ID="eSc_line_ba2b19e1"
                    TAGREFS="LT8"
                    BASELINE="907 1718 1077 1718" 
                    HPOS="907"
                    VPOS="1665"
                    WIDTH="170"
                    HEIGHT="101">
            <Shape><Polygon POINTS="907 1718 907 1736 971 1736 1004 1763 1004 1765 1005 1765 1006 1765 1008 1766 1077 1766 1077 1718 1077 1683 1051 1669 1050 1669 1049 1669 1048 1669 970 1684 946 1665 945 1665 944 1665 907 1665 907 1718"/></Shape>
            <String CONTENT="E iij"
                    HPOS="907"
                    VPOS="1665"
                    WIDTH="170"
                    HEIGHT="101"
                    WC="0.9846789479255676"></String>
          </TextLine>
        </TextBlock>
        <TextBlock HPOS="1140"
                   VPOS="1674"
                   WIDTH="167"
                   HEIGHT="60"
                   ID="eSc_textblock_eb7be01e"
                   TAGREFS="BT17">
          <Shape><Polygon POINTS="1307 1734 1307 1674 1140 1674 1140 1734"/></Shape>
          <TextLine ID="eSc_line_963cd002"
                    TAGREFS="LT8"
                    BASELINE="1139 1717 1289 1716" 
                    HPOS="1138"
                    VPOS="1664"
                    WIDTH="151"
                    HEIGHT="85">
            <Shape><Polygon POINTS="1284 1670 1169 1664 1168 1664 1167 1664 1138 1672 1139 1717 1139 1731 1203 1732 1227 1748 1228 1748 1230 1748 1287 1749 1289 1716 1286 1678 1284 1670"/></Shape>
            <String CONTENT="ſtiani"
                    HPOS="1138"
                    VPOS="1664"
                    WIDTH="151"
                    HEIGHT="85"
                    WC="0.9877626697222391"></String>
          </TextLine>
        </TextBlock>
      </PrintSpace>
    </Page>
  </Layout>
</alto>
