1647 2235
393 94 1025 69 alia & eius multa cum laude memineramus) nõ

394 156 1026 72 mediocriter refricuiſſe. Incredibile eſt, optime

399 223 1016 68 patrone, in quantum luctum propter te, ex re¬

394 285 1020 68 ſponſo tuo, ad quod tũ urgebaris, inciderim:

394 347 1021 61 ne hic me tibi ſomnium narrare putes, uix

393 404 1019 74 enim tibi tam grauis eſt Principis tui interitus,

394 469 1020 69 quàm me tuus perturbabat dolor. Hinc uideo

396 530 1018 70 prouerbialem illam ſententiam, de communi¬

397 594 1017 69 tate rerum amicorum inter ſe, planè ſecundum

394 659 1020 64 naturam eſſe, quando uerus amicus, non tam

398 715 1014 73 gaudet amici ſucceſſu & fœlicitate, quàm infor£

392 781 1025 68 tunio et calamitate triſtatur, unde ego in hoc ca£

393 841 1022 71 ſu ex meipſo diſco,  parum cum humanitate

392 903 1025 70 cõiunctum eſſet, ſi quis te in tam chari tibi prin£

391 963 1022 70 cipis iactura, ab omni luctu alienum eſſe iube¬

390 1026 1025 74 ret, Imo ego eum impudentem dicerem, qui de

391 1090 1027 69 tua animi ægritudine, tanquam leuiter ſuſce¬

392 1148 1021 75 pta, ſaltem parum candide ſentiret. Nolo ta¬

391 1214 1027 67 men hic in ſuſpicionem uenire, me tuo dolori

390 1272 1030 80 ſuffragari at eum fouere uelle, quum nihil

390 1337 1023 74 magis cupiam, quam te aut luctum omnino

392 1395 1025 75 omnem abijcere, aut ſi hoc non potes, ut ſaltem

391 1457 1024 75 æquiorem te in eo tuæ priſtinæ fortitudini prę£

392 1516 1022 89 beas, quam quidem ut in alijs aduerſis caſibus

1307 1595 112 50 non
