1666 2252
374 105 1036 75 ſic fiet, ut eo eiuſ omnibus bonis, quibus un¬

373 167 1033 71 quam, dum uixit, floruit, beatiore modo uteris,

374 227 1031 75 frueris & potieris. Hęc ad te ſcribenda putaui,

374 292 1030 74 ſic tamen ut utri commodarem, te conſolan¬

373 355 1033 75 do mihiipſi conſolationem adferrem, quod ſi

371 417 1033 72 tamen nulla tanta, ut mihi uidebatur, tibi incu¬

370 477 1033 74 buerit neceſſitas, qua iure ad ſcribendum im¬

373 541 1026 70 pelli debebam, & amoris mei in te magnitudo

367 601 1031 75 quæ ſemel tibi aliquo officio oſtendi, & innote£

369 668 1030 72 ſcere uoluit, mihi imperans ad ſibi obtemperan£

366 729 1034 75 dum me inſtigauit, multa tamen prudens &

365 793 1031 67 non contemnenda omiſi, non quod me huius

367 854 1031 69 commẽtationis ceperit ſatietas, aut metuam ne

361 914 1032 71 ea tibi moleſta ſit, ſed uereor ne, dum uel hanc

362 975 1031 75 nimiæ forte prolixitatis ſcribendi indulgenti¬

364 1039 1026 73 am mihi permiſi, uidear potius oſtentationi

360 1099 1028 74 ſtuduiſſe, quam amici officio ſatisfeciſſe, quare

359 1162 1030 66 modus mihi faciendus eſt. Supereſt, quoniam

360 1226 1028 71 tu clariſs. Principem noſtrum D. Eraſmum

361 1289 1029 74 Epiſcopum Argent. propter negocia tua me ci£

360 1349 1026 76 tius & ſæpius conuenire ſoles, rogo apud eum

362 1412 1023 71 ad omnia ſumma diuinitus datum cum tua

355 1476 1029 69 commendatione mei memineris, ſpero enim

352 1532 1028 76 huic beneuolentiæ qua in me eſt, aliquid acceſ¬

349 1600 1029 82 ſurum. Anna uxor mea iſtuc profectionem ad¬

1216 1671 158 63 ornat,
