1688 2260
384 100 1035 85 hic mihi opus eſt huius ſuſpicionis liberatio¬

386 169 1033 74 ne, uidelicetne, dum eos, quorum plurimi in

385 228 1031 77 eadem (ut dicitur) naui fuerunt, & naufragio

390 290 1026 79 facto interierunt, ſilentio tranſeo, hac prædica£

388 351 1024 79 tione eorum laudibus uideatur obſcuritas af¬

384 413 1030 79 ferri. Sciant qui iſtuc ſuſpicantur, me nolle glo¬

389 477 1020 79 ria fortitudinis ſuæ fructu quenquam priuari,

385 544 1027 71 quin cupere omnes quam plurimi fieri, tãtum

384 600 1028 79 abeſt, ut cui ſuum bonum inuideam, habent

386 661 1026 77 fortaſſis & ipſi ſuos, à quibus deplorantur, &

384 726 1027 77 hij rurſus ſuos conſolatores, qui nõ ſinent me¬

386 791 1024 76 moriam illorum extingui. Ego huius materiæ

386 852 1018 73 tractationem, de nullius ignominia cogitans,

385 912 1024 77 aſſumpſi, qui Iulium Cæſarem laudaturus, res

385 974 1026 76 bene geſtas, ſimpliciter, non adhibita cõtentio£

383 1033 1028 83 ſa collatione, narrat, is Alexandro Magno ni¬

385 1098 1029 80 hil derogat, hanc rationem, & ego in hoc ſcri¬

388 1165 1021 78 pto ſequutus, non puto illos habere, de quo

384 1227 1023 72 mecum iure expoſtuletur. Fateor tamen non

384 1288 1027 75 nullorum animi magnitudinem, & uirtutis ex£

383 1344 1019 82 cellentiam non uulgarem, cum primis meruiſ¬

383 1409 1022 80 ſe, ne ulla unquam obliuionis iniuria obliteren£

380 1465 1024 80 tur. An non Caſparus Comes Mansfeldiæ di¬

385 1530 1016 88 gnus indelebili nominis prædicatione celebra¬

379 1592 1022 95 ri? quod &ſi prius ob multas dotes præcla¬

1271 1663 125 72 rum
